%YAML 1.1
%TAG !u! tag:unity3d.com,2011:
--- !u!29 &1
OcclusionCullingSettings:
  m_ObjectHideFlags: 0
  serializedVersion: 2
  m_OcclusionBakeSettings:
    smallestOccluder: 5
    smallestHole: 0.25
    backfaceThreshold: 100
  m_SceneGUID: 00000000000000000000000000000000
  m_OcclusionCullingData: {fileID: 0}
--- !u!104 &2
RenderSettings:
  m_ObjectHideFlags: 0
  serializedVersion: 8
  m_Fog: 0
  m_FogColor: {r: 0.5, g: 0.5, b: 0.5, a: 1}
  m_FogMode: 3
  m_FogDensity: 0.01
  m_LinearFogStart: 0
  m_LinearFogEnd: 300
  m_AmbientSkyColor: {r: 0.424, g: 0.454, b: 0.518, a: 2}
  m_AmbientEquatorColor: {r: 0.228, g: 0.25, b: 0.266, a: 2}
  m_AmbientGroundColor: {r: 0.094, g: 0.086, b: 0.07, a: 2}
  m_AmbientIntensity: 2
  m_AmbientMode: 0
  m_SubtractiveShadowColor: {r: 0.42, g: 0.478, b: 0.627, a: 1}
  m_SkyboxMaterial: {fileID: 10304, guid: 0000000000000000f000000000000000, type: 0}
  m_HaloStrength: 0.5
  m_FlareStrength: 1
  m_FlareFadeSpeed: 3
  m_HaloTexture: {fileID: 0}
  m_SpotCookie: {fileID: 10001, guid: 0000000000000000e000000000000000, type: 0}
  m_DefaultReflectionMode: 0
  m_DefaultReflectionResolution: 128
  m_ReflectionBounces: 1
  m_ReflectionIntensity: 0.14
  m_CustomReflection: {fileID: 0}
  m_Sun: {fileID: 0}
  m_IndirectSpecularColor: {r: 0, g: 0, b: 0, a: 0.14}
--- !u!157 &3
LightmapSettings:
  m_ObjectHideFlags: 0
  serializedVersion: 11
  m_GIWorkflowMode: 0
  m_GISettings:
    serializedVersion: 2
    m_BounceScale: 1
    m_IndirectOutputScale: 1
    m_AlbedoBoost: 1
    m_TemporalCoherenceThreshold: 1
    m_EnvironmentLightingMode: 0
    m_EnableBakedLightmaps: 1
    m_EnableRealtimeLightmaps: 1
  m_LightmapEditorSettings:
    serializedVersion: 9
    m_Resolution: 2
    m_BakeResolution: 40
    m_TextureWidth: 1024
    m_TextureHeight: 1024
    m_AO: 0
    m_AOMaxDistance: 1
    m_CompAOExponent: 0
    m_CompAOExponentDirect: 0
    m_Padding: 2
    m_LightmapParameters: {fileID: 0}
    m_LightmapsBakeMode: 1
    m_TextureCompression: 1
    m_FinalGather: 0
    m_FinalGatherFiltering: 1
    m_FinalGatherRayCount: 1024
    m_ReflectionCompression: 2
    m_MixedBakeMode: 1
    m_BakeBackend: 0
    m_PVRSampling: 1
    m_PVRDirectSampleCount: 32
    m_PVRSampleCount: 500
    m_PVRBounces: 2
    m_PVRFilterTypeDirect: 0
    m_PVRFilterTypeIndirect: 0
    m_PVRFilterTypeAO: 0
    m_PVRFilteringMode: 0
    m_PVRCulling: 1
    m_PVRFilteringGaussRadiusDirect: 1
    m_PVRFilteringGaussRadiusIndirect: 5
    m_PVRFilteringGaussRadiusAO: 2
    m_PVRFilteringAtrousPositionSigmaDirect: 0.5
    m_PVRFilteringAtrousPositionSigmaIndirect: 2
    m_PVRFilteringAtrousPositionSigmaAO: 1
    m_ShowResolutionOverlay: 1
  m_LightingDataAsset: {fileID: 0}
  m_UseShadowmask: 0
--- !u!196 &4
NavMeshSettings:
  serializedVersion: 2
  m_ObjectHideFlags: 0
  m_BuildSettings:
    serializedVersion: 2
    agentTypeID: 0
    agentRadius: 0.5
    agentHeight: 2
    agentSlope: 45
    agentClimb: 0.4
    ledgeDropHeight: 0
    maxJumpAcrossDistance: 0
    minRegionArea: 2
    manualCellSize: 0
    cellSize: 0.16666667
    manualTileSize: 0
    tileSize: 256
    accuratePlacement: 0
    debug:
      m_Flags: 0
  m_NavMeshData: {fileID: 0}
--- !u!1 &22540640
GameObject:
  m_ObjectHideFlags: 0
  m_PrefabParentObject: {fileID: 100022, guid: 5888edb55eb3bba4383222f3cd5dfbb5, type: 3}
  m_PrefabInternal: {fileID: 113977001}
  serializedVersion: 5
  m_Component:
  - component: {fileID: 22540641}
  m_Layer: 0
  m_Name: Bip001 L Finger01
  m_TagString: Untagged
  m_Icon: {fileID: 0}
  m_NavMeshLayer: 0
  m_StaticEditorFlags: 0
  m_IsActive: 1
--- !u!4 &22540641
Transform:
  m_ObjectHideFlags: 0
  m_PrefabParentObject: {fileID: 400022, guid: 5888edb55eb3bba4383222f3cd5dfbb5, type: 3}
  m_PrefabInternal: {fileID: 113977001}
  m_GameObject: {fileID: 22540640}
  m_LocalRotation: {x: 0.000000035389043, y: -2.9321573e-10, z: -0.0082852105, w: 0.99996567}
  m_LocalPosition: {x: -0.1248899, y: -0.000000019073486, z: 0}
  m_LocalScale: {x: 1, y: 1, z: 1}
  m_Children: []
  m_Father: {fileID: 1654699174}
  m_RootOrder: 0
  m_LocalEulerAnglesHint: {x: 0, y: 0, z: 0}
--- !u!1 &33092871
GameObject:
  m_ObjectHideFlags: 0
  m_PrefabParentObject: {fileID: 100124, guid: 5888edb55eb3bba4383222f3cd5dfbb5, type: 3}
  m_PrefabInternal: {fileID: 113977001}
  serializedVersion: 5
  m_Component:
  - component: {fileID: 33092872}
  m_Layer: 0
  m_Name: Tongue00
  m_TagString: Untagged
  m_Icon: {fileID: 0}
  m_NavMeshLayer: 0
  m_StaticEditorFlags: 0
  m_IsActive: 1
--- !u!4 &33092872
Transform:
  m_ObjectHideFlags: 0
  m_PrefabParentObject: {fileID: 400124, guid: 5888edb55eb3bba4383222f3cd5dfbb5, type: 3}
  m_PrefabInternal: {fileID: 113977001}
  m_GameObject: {fileID: 33092871}
  m_LocalRotation: {x: 0.56380033, y: 0.42676607, z: 0.5638, w: -0.4267663}
  m_LocalPosition: {x: -0.09731882, y: -0.033996046, z: -0.0006541443}
  m_LocalScale: {x: 1, y: 0.9999999, z: 0.9999999}
  m_Children:
  - {fileID: 935028199}
  m_Father: {fileID: 852406703}
  m_RootOrder: 1
  m_LocalEulerAnglesHint: {x: 0, y: 0, z: 0}
--- !u!1 &34204519
GameObject:
  m_ObjectHideFlags: 0
  m_PrefabParentObject: {fileID: 100084, guid: 5888edb55eb3bba4383222f3cd5dfbb5, type: 3}
  m_PrefabInternal: {fileID: 113977001}
  serializedVersion: 5
  m_Component:
  - component: {fileID: 34204520}
  m_Layer: 0
  m_Name: Bip001 R Toe01
  m_TagString: Untagged
  m_Icon: {fileID: 0}
  m_NavMeshLayer: 0
  m_StaticEditorFlags: 0
  m_IsActive: 1
--- !u!4 &34204520
Transform:
  m_ObjectHideFlags: 0
  m_PrefabParentObject: {fileID: 400084, guid: 5888edb55eb3bba4383222f3cd5dfbb5, type: 3}
  m_PrefabInternal: {fileID: 113977001}
  m_GameObject: {fileID: 34204519}
  m_LocalRotation: {x: 0, y: 7.1494054e-16, z: -0, w: 1}
  m_LocalPosition: {x: -0.005528288, y: 0, z: 0.000000038146972}
  m_LocalScale: {x: 1, y: 1, z: 1}
  m_Children: []
  m_Father: {fileID: 1425333339}
  m_RootOrder: 0
  m_LocalEulerAnglesHint: {x: 0, y: 0, z: 0}
--- !u!1 &53905715
GameObject:
  m_ObjectHideFlags: 0
  m_PrefabParentObject: {fileID: 100092, guid: 5888edb55eb3bba4383222f3cd5dfbb5, type: 3}
  m_PrefabInternal: {fileID: 113977001}
  serializedVersion: 5
  m_Component:
  - component: {fileID: 53905716}
  m_Layer: 0
  m_Name: Ear L
  m_TagString: Untagged
  m_Icon: {fileID: 0}
  m_NavMeshLayer: 0
  m_StaticEditorFlags: 0
  m_IsActive: 1
--- !u!4 &53905716
Transform:
  m_ObjectHideFlags: 0
  m_PrefabParentObject: {fileID: 400092, guid: 5888edb55eb3bba4383222f3cd5dfbb5, type: 3}
  m_PrefabInternal: {fileID: 113977001}
  m_GameObject: {fileID: 53905715}
  m_LocalRotation: {x: -0.42701176, y: -0.18095094, z: 0.8204116, w: 0.33442855}
  m_LocalPosition: {x: -0.19275975, y: -0.16816756, z: 0.21999924}
  m_LocalScale: {x: 1.0000001, y: 1.0000001, z: 1.0000002}
  m_Children: []
  m_Father: {fileID: 919342321}
  m_RootOrder: 0
  m_LocalEulerAnglesHint: {x: 0, y: 0, z: 0}
--- !u!1 &60909703
GameObject:
  m_ObjectHideFlags: 0
  m_PrefabParentObject: {fileID: 100076, guid: 5888edb55eb3bba4383222f3cd5dfbb5, type: 3}
  m_PrefabInternal: {fileID: 113977001}
  serializedVersion: 5
  m_Component:
  - component: {fileID: 60909704}
  m_Layer: 0
  m_Name: Bip001 R Forearm
  m_TagString: Untagged
  m_Icon: {fileID: 0}
  m_NavMeshLayer: 0
  m_StaticEditorFlags: 0
  m_IsActive: 1
--- !u!4 &60909704
Transform:
  m_ObjectHideFlags: 0
  m_PrefabParentObject: {fileID: 400076, guid: 5888edb55eb3bba4383222f3cd5dfbb5, type: 3}
  m_PrefabInternal: {fileID: 113977001}
  m_GameObject: {fileID: 60909703}
  m_LocalRotation: {x: 0.000000004200755, y: 0.000000016572706, z: 0.2610826, w: 0.9653165}
  m_LocalPosition: {x: -0.43027818, y: 0, z: 0.000000076293944}
  m_LocalScale: {x: 0.99999994, y: 1, z: 1}
  m_Children:
  - {fileID: 672283317}
  m_Father: {fileID: 1577531283}
  m_RootOrder: 0
  m_LocalEulerAnglesHint: {x: 0, y: 0, z: 0}
--- !u!1 &94232612
GameObject:
  m_ObjectHideFlags: 0
  m_PrefabParentObject: {fileID: 100088, guid: 5888edb55eb3bba4383222f3cd5dfbb5, type: 3}
  m_PrefabInternal: {fileID: 113977001}
  serializedVersion: 5
  m_Component:
  - component: {fileID: 94232613}
  m_Layer: 0
  m_Name: Bip001 Spine
  m_TagString: Untagged
  m_Icon: {fileID: 0}
  m_NavMeshLayer: 0
  m_StaticEditorFlags: 0
  m_IsActive: 1
--- !u!4 &94232613
Transform:
  m_ObjectHideFlags: 0
  m_PrefabParentObject: {fileID: 400088, guid: 5888edb55eb3bba4383222f3cd5dfbb5, type: 3}
  m_PrefabInternal: {fileID: 113977001}
  m_GameObject: {fileID: 94232612}
  m_LocalRotation: {x: -0.0000020349403, y: 0.0000006506294, z: 0.059887607, w: 0.9982051}
  m_LocalPosition: {x: -0.11925262, y: -0.00028532982, z: 0.00000016577519}
  m_LocalScale: {x: 1, y: 1, z: 0.99999994}
  m_Children:
  - {fileID: 1949003793}
  - {fileID: 1525621684}
  - {fileID: 1881401589}
  - {fileID: 822614505}
  - {fileID: 355714853}
  - {fileID: 901874686}
  m_Father: {fileID: 1779878956}
  m_RootOrder: 0
  m_LocalEulerAnglesHint: {x: 0, y: 0, z: 0}
--- !u!1 &113710668
GameObject:
  m_ObjectHideFlags: 0
  m_PrefabParentObject: {fileID: 100026, guid: 5888edb55eb3bba4383222f3cd5dfbb5, type: 3}
  m_PrefabInternal: {fileID: 113977001}
  serializedVersion: 5
  m_Component:
  - component: {fileID: 113710669}
  m_Layer: 0
  m_Name: Bip001 L Finger11
  m_TagString: Untagged
  m_Icon: {fileID: 0}
  m_NavMeshLayer: 0
  m_StaticEditorFlags: 0
  m_IsActive: 1
--- !u!4 &113710669
Transform:
  m_ObjectHideFlags: 0
  m_PrefabParentObject: {fileID: 400026, guid: 5888edb55eb3bba4383222f3cd5dfbb5, type: 3}
  m_PrefabInternal: {fileID: 113977001}
  m_GameObject: {fileID: 113710668}
  m_LocalRotation: {x: -0.000000008172943, y: -0.000000001609946, z: -0.26591495,
    w: 0.96399647}
  m_LocalPosition: {x: -0.10775734, y: -0.000000038146972, z: 0}
  m_LocalScale: {x: 1.0000001, y: 1.0000001, z: 1}
  m_Children: []
  m_Father: {fileID: 1335721102}
  m_RootOrder: 0
  m_LocalEulerAnglesHint: {x: 0, y: 0, z: 0}
--- !u!1001 &113977001
Prefab:
  m_ObjectHideFlags: 0
  serializedVersion: 2
  m_Modification:
    m_TransformParent: {fileID: 0}
    m_Modifications:
    - target: {fileID: 400000, guid: 5888edb55eb3bba4383222f3cd5dfbb5, type: 3}
      propertyPath: m_LocalPosition.x
      value: 0
      objectReference: {fileID: 0}
    - target: {fileID: 400000, guid: 5888edb55eb3bba4383222f3cd5dfbb5, type: 3}
      propertyPath: m_LocalPosition.y
      value: 0
      objectReference: {fileID: 0}
    - target: {fileID: 400000, guid: 5888edb55eb3bba4383222f3cd5dfbb5, type: 3}
      propertyPath: m_LocalPosition.z
      value: 0
      objectReference: {fileID: 0}
    - target: {fileID: 400000, guid: 5888edb55eb3bba4383222f3cd5dfbb5, type: 3}
      propertyPath: m_LocalRotation.x
      value: 0
      objectReference: {fileID: 0}
    - target: {fileID: 400000, guid: 5888edb55eb3bba4383222f3cd5dfbb5, type: 3}
      propertyPath: m_LocalRotation.y
      value: 1
      objectReference: {fileID: 0}
    - target: {fileID: 400000, guid: 5888edb55eb3bba4383222f3cd5dfbb5, type: 3}
      propertyPath: m_LocalRotation.z
      value: 0
      objectReference: {fileID: 0}
    - target: {fileID: 400000, guid: 5888edb55eb3bba4383222f3cd5dfbb5, type: 3}
      propertyPath: m_LocalRotation.w
      value: -0.00000016292068
      objectReference: {fileID: 0}
    - target: {fileID: 400000, guid: 5888edb55eb3bba4383222f3cd5dfbb5, type: 3}
      propertyPath: m_RootOrder
      value: 3
      objectReference: {fileID: 0}
    - target: {fileID: 9500000, guid: 5888edb55eb3bba4383222f3cd5dfbb5, type: 3}
      propertyPath: m_Controller
      value: 
      objectReference: {fileID: 9100000, guid: 4e5210fba0fbc894b8a178a98d88cf9a, type: 2}
    m_RemovedComponents: []
  m_ParentPrefab: {fileID: 100100000, guid: 5888edb55eb3bba4383222f3cd5dfbb5, type: 3}
  m_RootGameObject: {fileID: 1433944582}
  m_IsPrefabParent: 0
--- !u!1 &266066426
GameObject:
  m_ObjectHideFlags: 0
  m_PrefabParentObject: {fileID: 100110, guid: 5888edb55eb3bba4383222f3cd5dfbb5, type: 3}
  m_PrefabInternal: {fileID: 113977001}
  serializedVersion: 5
  m_Component:
  - component: {fileID: 266066427}
  m_Layer: 0
  m_Name: Nose R
  m_TagString: Untagged
  m_Icon: {fileID: 0}
  m_NavMeshLayer: 0
  m_StaticEditorFlags: 0
  m_IsActive: 1
--- !u!4 &266066427
Transform:
  m_ObjectHideFlags: 0
  m_PrefabParentObject: {fileID: 400110, guid: 5888edb55eb3bba4383222f3cd5dfbb5, type: 3}
  m_PrefabInternal: {fileID: 113977001}
  m_GameObject: {fileID: 266066426}
  m_LocalRotation: {x: 0.018357364, y: -0.00000075077537, z: 0.0000004469225, w: 0.9998315}
  m_LocalPosition: {x: 0.034628067, y: -0.006569061, z: 0.063408695}
  m_LocalScale: {x: 1.0000001, y: 1.0000002, z: 1.0000002}
  m_Children: []
  m_Father: {fileID: 744246685}
  m_RootOrder: 1
  m_LocalEulerAnglesHint: {x: 0, y: 0, z: 0}
--- !u!1 &308756478
GameObject:
  m_ObjectHideFlags: 0
  m_PrefabParentObject: {fileID: 100062, guid: 5888edb55eb3bba4383222f3cd5dfbb5, type: 3}
  m_PrefabInternal: {fileID: 113977001}
  serializedVersion: 5
  m_Component:
  - component: {fileID: 308756479}
  m_Layer: 0
  m_Name: Bip001 R Finger1
  m_TagString: Untagged
  m_Icon: {fileID: 0}
  m_NavMeshLayer: 0
  m_StaticEditorFlags: 0
  m_IsActive: 1
--- !u!4 &308756479
Transform:
  m_ObjectHideFlags: 0
  m_PrefabParentObject: {fileID: 400062, guid: 5888edb55eb3bba4383222f3cd5dfbb5, type: 3}
  m_PrefabInternal: {fileID: 113977001}
  m_GameObject: {fileID: 308756478}
  m_LocalRotation: {x: -0.14035085, y: 0.04436923, z: -0.23616767, w: 0.96049875}
  m_LocalPosition: {x: -0.22517757, y: -0.008789292, z: 0.08686153}
  m_LocalScale: {x: 0.9999999, y: 1, z: 0.99999994}
  m_Children:
  - {fileID: 568995687}
  m_Father: {fileID: 672283317}
  m_RootOrder: 1
  m_LocalEulerAnglesHint: {x: 0, y: 0, z: 0}
--- !u!1 &353963077
GameObject:
  m_ObjectHideFlags: 0
  m_PrefabParentObject: {fileID: 100060, guid: 5888edb55eb3bba4383222f3cd5dfbb5, type: 3}
  m_PrefabInternal: {fileID: 113977001}
  serializedVersion: 5
  m_Component:
  - component: {fileID: 353963078}
  m_Layer: 0
  m_Name: Bip001 R Finger01
  m_TagString: Untagged
  m_Icon: {fileID: 0}
  m_NavMeshLayer: 0
  m_StaticEditorFlags: 0
  m_IsActive: 1
--- !u!4 &353963078
Transform:
  m_ObjectHideFlags: 0
  m_PrefabParentObject: {fileID: 400060, guid: 5888edb55eb3bba4383222f3cd5dfbb5, type: 3}
  m_PrefabInternal: {fileID: 113977001}
  m_GameObject: {fileID: 353963077}
  m_LocalRotation: {x: -0.000000020364935, y: 0.000000015070405, z: -0.008285203,
    w: 0.99996567}
  m_LocalPosition: {x: -0.1248899, y: -0.000000019073486, z: 0.000000038146972}
  m_LocalScale: {x: 1, y: 1, z: 1}
  m_Children: []
  m_Father: {fileID: 1483976644}
  m_RootOrder: 0
  m_LocalEulerAnglesHint: {x: 0, y: 0, z: 0}
--- !u!1 &355714852
GameObject:
  m_ObjectHideFlags: 0
  m_PrefabParentObject: {fileID: 100080, guid: 5888edb55eb3bba4383222f3cd5dfbb5, type: 3}
  m_PrefabInternal: {fileID: 113977001}
  serializedVersion: 5
  m_Component:
  - component: {fileID: 355714853}
  m_Layer: 0
  m_Name: Bip001 R Thigh
  m_TagString: Untagged
  m_Icon: {fileID: 0}
  m_NavMeshLayer: 0
  m_StaticEditorFlags: 0
  m_IsActive: 1
--- !u!4 &355714853
Transform:
  m_ObjectHideFlags: 0
  m_PrefabParentObject: {fileID: 400080, guid: 5888edb55eb3bba4383222f3cd5dfbb5, type: 3}
  m_PrefabInternal: {fileID: 113977001}
  m_GameObject: {fileID: 355714852}
  m_LocalRotation: {x: -0.1492478, y: 0.9728174, z: -0.117736414, w: -0.1322478}
  m_LocalPosition: {x: 0.11843135, y: -0.013973979, z: -0.21236074}
  m_LocalScale: {x: 1.0000001, y: 1.0000001, z: 1.0000001}
  m_Children:
  - {fileID: 1487691142}
  m_Father: {fileID: 94232613}
  m_RootOrder: 4
  m_LocalEulerAnglesHint: {x: 0, y: 0, z: 0}
--- !u!1 &404811864
GameObject:
  m_ObjectHideFlags: 0
  m_PrefabParentObject: {fileID: 100096, guid: 5888edb55eb3bba4383222f3cd5dfbb5, type: 3}
  m_PrefabInternal: {fileID: 113977001}
  serializedVersion: 5
  m_Component:
  - component: {fileID: 404811865}
  m_Layer: 0
  m_Name: Mouth down L
  m_TagString: Untagged
  m_Icon: {fileID: 0}
  m_NavMeshLayer: 0
  m_StaticEditorFlags: 0
  m_IsActive: 1
--- !u!4 &404811865
Transform:
  m_ObjectHideFlags: 0
  m_PrefabParentObject: {fileID: 400096, guid: 5888edb55eb3bba4383222f3cd5dfbb5, type: 3}
  m_PrefabInternal: {fileID: 113977001}
  m_GameObject: {fileID: 404811864}
  m_LocalRotation: {x: 0.43416664, y: 0.54443824, z: 0.44600928, w: 0.5622829}
  m_LocalPosition: {x: -0.19956522, y: 0.08046219, z: -0.14551115}
  m_LocalScale: {x: 0.99999994, y: 0.99999994, z: 1}
  m_Children: []
  m_Father: {fileID: 1951937264}
  m_RootOrder: 0
  m_LocalEulerAnglesHint: {x: 0, y: 0, z: 0}
--- !u!1 &458200614
GameObject:
  m_ObjectHideFlags: 0
  m_PrefabParentObject: {fileID: 100056, guid: 5888edb55eb3bba4383222f3cd5dfbb5, type: 3}
  m_PrefabInternal: {fileID: 113977001}
  serializedVersion: 5
  m_Component:
  - component: {fileID: 458200615}
  m_Layer: 0
  m_Name: Bip001 R Clavicle
  m_TagString: Untagged
  m_Icon: {fileID: 0}
  m_NavMeshLayer: 0
  m_StaticEditorFlags: 0
  m_IsActive: 1
--- !u!4 &458200615
Transform:
  m_ObjectHideFlags: 0
  m_PrefabParentObject: {fileID: 400056, guid: 5888edb55eb3bba4383222f3cd5dfbb5, type: 3}
  m_PrefabInternal: {fileID: 113977001}
  m_GameObject: {fileID: 458200614}
  m_LocalRotation: {x: 0.5381175, y: 0.45872447, z: 0.5022334, w: -0.49775803}
  m_LocalPosition: {x: 0.22419862, y: 0.016402282, z: -0.037979297}
  m_LocalScale: {x: 1.0000001, y: 1.0000001, z: 1.0000001}
  m_Children:
  - {fileID: 1577531283}
  m_Father: {fileID: 1908967495}
  m_RootOrder: 2
  m_LocalEulerAnglesHint: {x: 0, y: 0, z: 0}
--- !u!1 &478877898
GameObject:
  m_ObjectHideFlags: 0
  m_PrefabParentObject: {fileID: 100094, guid: 5888edb55eb3bba4383222f3cd5dfbb5, type: 3}
  m_PrefabInternal: {fileID: 113977001}
  serializedVersion: 5
  m_Component:
  - component: {fileID: 478877899}
  m_Layer: 0
  m_Name: Ear R
  m_TagString: Untagged
  m_Icon: {fileID: 0}
  m_NavMeshLayer: 0
  m_StaticEditorFlags: 0
  m_IsActive: 1
--- !u!4 &478877899
Transform:
  m_ObjectHideFlags: 0
  m_PrefabParentObject: {fileID: 400094, guid: 5888edb55eb3bba4383222f3cd5dfbb5, type: 3}
  m_PrefabInternal: {fileID: 113977001}
  m_GameObject: {fileID: 478877898}
  m_LocalRotation: {x: 0.33267453, y: 0.82118875, z: -0.1774199, w: -0.42836773}
  m_LocalPosition: {x: -0.19274442, y: -0.1681665, z: -0.22000076}
  m_LocalScale: {x: 1.0000001, y: 1, z: 1.0000001}
  m_Children: []
  m_Father: {fileID: 919342321}
  m_RootOrder: 1
  m_LocalEulerAnglesHint: {x: 0, y: 0, z: 0}
--- !u!1 &495594892
GameObject:
  m_ObjectHideFlags: 0
  m_PrefabParentObject: {fileID: 100108, guid: 5888edb55eb3bba4383222f3cd5dfbb5, type: 3}
  m_PrefabInternal: {fileID: 113977001}
  serializedVersion: 5
  m_Component:
  - component: {fileID: 495594893}
  m_Layer: 0
  m_Name: Nose L
  m_TagString: Untagged
  m_Icon: {fileID: 0}
  m_NavMeshLayer: 0
  m_StaticEditorFlags: 0
  m_IsActive: 1
--- !u!4 &495594893
Transform:
  m_ObjectHideFlags: 0
  m_PrefabParentObject: {fileID: 400108, guid: 5888edb55eb3bba4383222f3cd5dfbb5, type: 3}
  m_PrefabInternal: {fileID: 113977001}
  m_GameObject: {fileID: 495594892}
  m_LocalRotation: {x: 0.018357364, y: -0.00000075077537, z: 0.0000004469225, w: 0.9998315}
  m_LocalPosition: {x: -0.03308216, y: -0.0065692137, z: 0.063408695}
  m_LocalScale: {x: 1.0000001, y: 1.0000002, z: 1.0000002}
  m_Children: []
  m_Father: {fileID: 744246685}
  m_RootOrder: 0
  m_LocalEulerAnglesHint: {x: 0, y: 0, z: 0}
--- !u!1 &537013413
GameObject:
  m_ObjectHideFlags: 0
  m_PrefabParentObject: {fileID: 100120, guid: 5888edb55eb3bba4383222f3cd5dfbb5, type: 3}
  m_PrefabInternal: {fileID: 113977001}
  serializedVersion: 5
  m_Component:
  - component: {fileID: 537013414}
  m_Layer: 0
  m_Name: Upper eyelid R
  m_TagString: Untagged
  m_Icon: {fileID: 0}
  m_NavMeshLayer: 0
  m_StaticEditorFlags: 0
  m_IsActive: 1
--- !u!4 &537013414
Transform:
  m_ObjectHideFlags: 0
  m_PrefabParentObject: {fileID: 400120, guid: 5888edb55eb3bba4383222f3cd5dfbb5, type: 3}
  m_PrefabInternal: {fileID: 113977001}
  m_GameObject: {fileID: 537013413}
  m_LocalRotation: {x: 0.9999996, y: 0.00094604515, z: 0.00000071386074, w: -0.0000014748989}
  m_LocalPosition: {x: -0.12714154, y: -0.03225815, z: -0.11000045}
  m_LocalScale: {x: 1.0000001, y: 1.0000001, z: 1.0000001}
  m_Children: []
  m_Father: {fileID: 919342321}
  m_RootOrder: 5
  m_LocalEulerAnglesHint: {x: 0, y: 0, z: 0}
--- !u!1 &557219499
GameObject:
  m_ObjectHideFlags: 0
  m_PrefabParentObject: {fileID: 100018, guid: 5888edb55eb3bba4383222f3cd5dfbb5, type: 3}
  m_PrefabInternal: {fileID: 113977001}
  serializedVersion: 5
  m_Component:
  - component: {fileID: 557219500}
  m_Layer: 0
  m_Name: Bip001 L Clavicle
  m_TagString: Untagged
  m_Icon: {fileID: 0}
  m_NavMeshLayer: 0
  m_StaticEditorFlags: 0
  m_IsActive: 1
--- !u!4 &557219500
Transform:
  m_ObjectHideFlags: 0
  m_PrefabParentObject: {fileID: 400018, guid: 5888edb55eb3bba4383222f3cd5dfbb5, type: 3}
  m_PrefabInternal: {fileID: 113977001}
  m_GameObject: {fileID: 557219499}
  m_LocalRotation: {x: 0.5381189, y: 0.45872587, z: -0.5022321, w: 0.49775654}
  m_LocalPosition: {x: 0.22419862, y: 0.01640213, z: 0.03797998}
  m_LocalScale: {x: 1.0000001, y: 1.0000001, z: 1.0000001}
  m_Children:
  - {fileID: 1179971417}
  m_Father: {fileID: 1908967495}
  m_RootOrder: 1
  m_LocalEulerAnglesHint: {x: 0, y: 0, z: 0}
--- !u!1 &568995686
GameObject:
  m_ObjectHideFlags: 0
  m_PrefabParentObject: {fileID: 100064, guid: 5888edb55eb3bba4383222f3cd5dfbb5, type: 3}
  m_PrefabInternal: {fileID: 113977001}
  serializedVersion: 5
  m_Component:
  - component: {fileID: 568995687}
  m_Layer: 0
  m_Name: Bip001 R Finger11
  m_TagString: Untagged
  m_Icon: {fileID: 0}
  m_NavMeshLayer: 0
  m_StaticEditorFlags: 0
  m_IsActive: 1
--- !u!4 &568995687
Transform:
  m_ObjectHideFlags: 0
  m_PrefabParentObject: {fileID: 400064, guid: 5888edb55eb3bba4383222f3cd5dfbb5, type: 3}
  m_PrefabInternal: {fileID: 113977001}
  m_GameObject: {fileID: 568995686}
  m_LocalRotation: {x: -0.0000000071823334, y: 0.000000001981221, z: -0.26591498,
    w: 0.96399647}
  m_LocalPosition: {x: -0.10775734, y: 0, z: 0.000000076293944}
  m_LocalScale: {x: 1, y: 1, z: 0.99999994}
  m_Children: []
  m_Father: {fileID: 308756479}
  m_RootOrder: 0
  m_LocalEulerAnglesHint: {x: 0, y: 0, z: 0}
--- !u!1 &573692001
GameObject:
  m_ObjectHideFlags: 0
  m_PrefabParentObject: {fileID: 100034, guid: 5888edb55eb3bba4383222f3cd5dfbb5, type: 3}
  m_PrefabInternal: {fileID: 113977001}
  serializedVersion: 5
  m_Component:
  - component: {fileID: 573692002}
  m_Layer: 0
  m_Name: Bip001 L Finger31
  m_TagString: Untagged
  m_Icon: {fileID: 0}
  m_NavMeshLayer: 0
  m_StaticEditorFlags: 0
  m_IsActive: 1
--- !u!4 &573692002
Transform:
  m_ObjectHideFlags: 0
  m_PrefabParentObject: {fileID: 400034, guid: 5888edb55eb3bba4383222f3cd5dfbb5, type: 3}
  m_PrefabInternal: {fileID: 113977001}
  m_GameObject: {fileID: 573692001}
  m_LocalRotation: {x: -5.3877963e-10, y: 0.000000011768075, z: -0.2725086, w: 0.9621534}
  m_LocalPosition: {x: -0.08188694, y: 0, z: 0}
  m_LocalScale: {x: 1, y: 1.0000001, z: 1.0000001}
  m_Children: []
  m_Father: {fileID: 719088113}
  m_RootOrder: 0
  m_LocalEulerAnglesHint: {x: 0, y: 0, z: 0}
--- !u!1 &615734990
GameObject:
  m_ObjectHideFlags: 0
  m_PrefabParentObject: {fileID: 0}
  m_PrefabInternal: {fileID: 0}
  serializedVersion: 5
  m_Component:
  - component: {fileID: 615734992}
  - component: {fileID: 615734991}
  m_Layer: 0
  m_Name: Directional Light
  m_TagString: Untagged
  m_Icon: {fileID: 0}
  m_NavMeshLayer: 0
  m_StaticEditorFlags: 0
  m_IsActive: 1
--- !u!108 &615734991
Light:
  m_ObjectHideFlags: 0
  m_PrefabParentObject: {fileID: 0}
  m_PrefabInternal: {fileID: 0}
  m_GameObject: {fileID: 615734990}
  m_Enabled: 1
  serializedVersion: 8
  m_Type: 1
  m_Color: {r: 1, g: 0.95686275, b: 0.8392157, a: 1}
  m_Intensity: 1
  m_Range: 10
  m_SpotAngle: 30
  m_CookieSize: 10
  m_Shadows:
    m_Type: 2
    m_Resolution: -1
    m_CustomResolution: -1
    m_Strength: 1
    m_Bias: 0.01
    m_NormalBias: 0.4
    m_NearPlane: 0.2
  m_Cookie: {fileID: 0}
  m_DrawHalo: 0
  m_Flare: {fileID: 0}
  m_RenderMode: 0
  m_CullingMask:
    serializedVersion: 2
    m_Bits: 4294967295
  m_Lightmapping: 4
  m_AreaSize: {x: 1, y: 1}
  m_BounceIntensity: 1
  m_ColorTemperature: 6570
  m_UseColorTemperature: 0
  m_ShadowRadius: 0
  m_ShadowAngle: 0
--- !u!4 &615734992
Transform:
  m_ObjectHideFlags: 0
  m_PrefabParentObject: {fileID: 0}
  m_PrefabInternal: {fileID: 0}
  m_GameObject: {fileID: 615734990}
  m_LocalRotation: {x: -0.4150633, y: -0.17060228, z: 0.079553165, w: -0.89010596}
  m_LocalPosition: {x: 0, y: 3, z: 0}
  m_LocalScale: {x: 1, y: 1, z: 1}
  m_Children: []
  m_Father: {fileID: 0}
  m_RootOrder: 1
  m_LocalEulerAnglesHint: {x: 0, y: 0, z: 0}
--- !u!1 &672283316
GameObject:
  m_ObjectHideFlags: 0
  m_PrefabParentObject: {fileID: 100078, guid: 5888edb55eb3bba4383222f3cd5dfbb5, type: 3}
  m_PrefabInternal: {fileID: 113977001}
  serializedVersion: 5
  m_Component:
  - component: {fileID: 672283317}
  m_Layer: 0
  m_Name: Bip001 R Hand
  m_TagString: Untagged
  m_Icon: {fileID: 0}
  m_NavMeshLayer: 0
  m_StaticEditorFlags: 0
  m_IsActive: 1
--- !u!4 &672283317
Transform:
  m_ObjectHideFlags: 0
  m_PrefabParentObject: {fileID: 400078, guid: 5888edb55eb3bba4383222f3cd5dfbb5, type: 3}
  m_PrefabInternal: {fileID: 113977001}
  m_GameObject: {fileID: 672283316}
  m_LocalRotation: {x: 0.69988686, y: 0.09887275, z: -0.09879405, w: 0.7004444}
  m_LocalPosition: {x: -0.43433645, y: 0, z: 0}
  m_LocalScale: {x: 1.0000002, y: 1, z: 1}
  m_Children:
  - {fileID: 1483976644}
  - {fileID: 308756479}
  - {fileID: 2102795812}
  - {fileID: 1697301152}
  m_Father: {fileID: 60909704}
  m_RootOrder: 0
  m_LocalEulerAnglesHint: {x: 0, y: 0, z: 0}
--- !u!1 &714682798
GameObject:
  m_ObjectHideFlags: 0
  m_PrefabParentObject: {fileID: 100028, guid: 5888edb55eb3bba4383222f3cd5dfbb5, type: 3}
  m_PrefabInternal: {fileID: 113977001}
  serializedVersion: 5
  m_Component:
  - component: {fileID: 714682799}
  m_Layer: 0
  m_Name: Bip001 L Finger2
  m_TagString: Untagged
  m_Icon: {fileID: 0}
  m_NavMeshLayer: 0
  m_StaticEditorFlags: 0
  m_IsActive: 1
--- !u!4 &714682799
Transform:
  m_ObjectHideFlags: 0
  m_PrefabParentObject: {fileID: 400028, guid: 5888edb55eb3bba4383222f3cd5dfbb5, type: 3}
  m_PrefabInternal: {fileID: 113977001}
  m_GameObject: {fileID: 714682798}
  m_LocalRotation: {x: 0.018488932, y: 0.037580483, z: -0.14340368, w: 0.9887777}
  m_LocalPosition: {x: -0.23138389, y: -0.015115012, z: -0.0029058838}
  m_LocalScale: {x: 0.99999994, y: 1.0000001, z: 0.99999994}
  m_Children:
  - {fileID: 1300263071}
  m_Father: {fileID: 1550564300}
  m_RootOrder: 2
  m_LocalEulerAnglesHint: {x: 0, y: 0, z: 0}
--- !u!1 &719088112
GameObject:
  m_ObjectHideFlags: 0
  m_PrefabParentObject: {fileID: 100032, guid: 5888edb55eb3bba4383222f3cd5dfbb5, type: 3}
  m_PrefabInternal: {fileID: 113977001}
  serializedVersion: 5
  m_Component:
  - component: {fileID: 719088113}
  m_Layer: 0
  m_Name: Bip001 L Finger3
  m_TagString: Untagged
  m_Icon: {fileID: 0}
  m_NavMeshLayer: 0
  m_StaticEditorFlags: 0
  m_IsActive: 1
--- !u!4 &719088113
Transform:
  m_ObjectHideFlags: 0
  m_PrefabParentObject: {fileID: 400032, guid: 5888edb55eb3bba4383222f3cd5dfbb5, type: 3}
  m_PrefabInternal: {fileID: 113977001}
  m_GameObject: {fileID: 719088112}
  m_LocalRotation: {x: -0.07204625, y: 0.07427152, z: -0.16516322, w: 0.9808232}
  m_LocalPosition: {x: -0.22378914, y: 0.010441436, z: 0.09139396}
  m_LocalScale: {x: 0.99999994, y: 1.0000001, z: 0.99999994}
  m_Children:
  - {fileID: 573692002}
  m_Father: {fileID: 1550564300}
  m_RootOrder: 3
  m_LocalEulerAnglesHint: {x: 0, y: 0, z: 0}
--- !u!1 &744246684
GameObject:
  m_ObjectHideFlags: 0
  m_PrefabParentObject: {fileID: 100106, guid: 5888edb55eb3bba4383222f3cd5dfbb5, type: 3}
  m_PrefabInternal: {fileID: 113977001}
  serializedVersion: 5
  m_Component:
  - component: {fileID: 744246685}
  m_Layer: 0
  m_Name: Nose
  m_TagString: Untagged
  m_Icon: {fileID: 0}
  m_NavMeshLayer: 0
  m_StaticEditorFlags: 0
  m_IsActive: 1
--- !u!4 &744246685
Transform:
  m_ObjectHideFlags: 0
  m_PrefabParentObject: {fileID: 400106, guid: 5888edb55eb3bba4383222f3cd5dfbb5, type: 3}
  m_PrefabInternal: {fileID: 113977001}
  m_GameObject: {fileID: 744246684}
  m_LocalRotation: {x: -0.009325866, y: -0.70751154, z: 0.0013847783, w: 0.70663893}
  m_LocalPosition: {x: -0.25071436, y: 0.06526337, z: -0.0004348474}
  m_LocalScale: {x: 0.99999994, y: 1.0000001, z: 1.0000001}
  m_Children:
  - {fileID: 495594893}
  - {fileID: 266066427}
  m_Father: {fileID: 1680493558}
  m_RootOrder: 0
  m_LocalEulerAnglesHint: {x: 0, y: 0, z: 0}
--- !u!1 &822614504
GameObject:
  m_ObjectHideFlags: 0
  m_PrefabParentObject: {fileID: 100042, guid: 5888edb55eb3bba4383222f3cd5dfbb5, type: 3}
  m_PrefabInternal: {fileID: 113977001}
  serializedVersion: 5
  m_Component:
  - component: {fileID: 822614505}
  m_Layer: 0
  m_Name: Bip001 L Thigh
  m_TagString: Untagged
  m_Icon: {fileID: 0}
  m_NavMeshLayer: 0
  m_StaticEditorFlags: 0
  m_IsActive: 1
--- !u!4 &822614505
Transform:
  m_ObjectHideFlags: 0
  m_PrefabParentObject: {fileID: 400042, guid: 5888edb55eb3bba4383222f3cd5dfbb5, type: 3}
  m_PrefabInternal: {fileID: 113977001}
  m_GameObject: {fileID: 822614504}
  m_LocalRotation: {x: -0.14924744, y: 0.9728171, z: 0.11773914, w: 0.13224813}
  m_LocalPosition: {x: 0.11843135, y: -0.013975153, z: 0.2123607}
  m_LocalScale: {x: 1, y: 1.0000001, z: 1.0000002}
  m_Children:
  - {fileID: 1752748621}
  m_Father: {fileID: 94232613}
  m_RootOrder: 3
  m_LocalEulerAnglesHint: {x: 0, y: 0, z: 0}
--- !u!1 &852406702
GameObject:
  m_ObjectHideFlags: 0
  m_PrefabParentObject: {fileID: 100100, guid: 5888edb55eb3bba4383222f3cd5dfbb5, type: 3}
  m_PrefabInternal: {fileID: 113977001}
  serializedVersion: 5
  m_Component:
  - component: {fileID: 852406703}
  m_Layer: 0
  m_Name: Mouth down01
  m_TagString: Untagged
  m_Icon: {fileID: 0}
  m_NavMeshLayer: 0
  m_StaticEditorFlags: 0
  m_IsActive: 1
--- !u!4 &852406703
Transform:
  m_ObjectHideFlags: 0
  m_PrefabParentObject: {fileID: 400100, guid: 5888edb55eb3bba4383222f3cd5dfbb5, type: 3}
  m_PrefabInternal: {fileID: 113977001}
  m_GameObject: {fileID: 852406702}
  m_LocalRotation: {x: 0.98945814, y: -0.14481914, z: 0.0000005698731, w: -0.0000015270008}
  m_LocalPosition: {x: 0.004235306, y: 0.22105956, z: 0.00000053405734}
  m_LocalScale: {x: 1.0000001, y: 1.0000001, z: 1.0000001}
  m_Children:
  - {fileID: 1951937264}
  - {fileID: 33092872}
  m_Father: {fileID: 919342321}
  m_RootOrder: 2
  m_LocalEulerAnglesHint: {x: 0, y: 0, z: 0}
--- !u!1 &896490115
GameObject:
  m_ObjectHideFlags: 0
  m_PrefabParentObject: {fileID: 100116, guid: 5888edb55eb3bba4383222f3cd5dfbb5, type: 3}
  m_PrefabInternal: {fileID: 113977001}
  serializedVersion: 5
  m_Component:
  - component: {fileID: 896490116}
  m_Layer: 0
  m_Name: Tongue03
  m_TagString: Untagged
  m_Icon: {fileID: 0}
  m_NavMeshLayer: 0
  m_StaticEditorFlags: 0
  m_IsActive: 1
--- !u!4 &896490116
Transform:
  m_ObjectHideFlags: 0
  m_PrefabParentObject: {fileID: 400116, guid: 5888edb55eb3bba4383222f3cd5dfbb5, type: 3}
  m_PrefabInternal: {fileID: 113977001}
  m_GameObject: {fileID: 896490115}
  m_LocalRotation: {x: 2.9786022e-14, y: 3.1518828e-14, z: 0.20154016, w: 0.97948027}
  m_LocalPosition: {x: -0.107871875, y: 0, z: 3.3141986e-11}
  m_LocalScale: {x: 1.0000002, y: 1.0000002, z: 1}
  m_Children: []
  m_Father: {fileID: 2043017200}
  m_RootOrder: 0
  m_LocalEulerAnglesHint: {x: 0, y: 0, z: 0}
--- !u!1 &901874685
GameObject:
  m_ObjectHideFlags: 0
  m_PrefabParentObject: {fileID: 100090, guid: 5888edb55eb3bba4383222f3cd5dfbb5, type: 3}
  m_PrefabInternal: {fileID: 113977001}
  serializedVersion: 5
  m_Component:
  - component: {fileID: 901874686}
  m_Layer: 0
  m_Name: Bip001 Spine1
  m_TagString: Untagged
  m_Icon: {fileID: 0}
  m_NavMeshLayer: 0
  m_StaticEditorFlags: 0
  m_IsActive: 1
--- !u!4 &901874686
Transform:
  m_ObjectHideFlags: 0
  m_PrefabParentObject: {fileID: 400090, guid: 5888edb55eb3bba4383222f3cd5dfbb5, type: 3}
  m_PrefabInternal: {fileID: 113977001}
  m_GameObject: {fileID: 901874685}
  m_LocalRotation: {x: 1.060182e-13, y: 0.00000021407273, z: -0.07718226, w: 0.997017}
  m_LocalPosition: {x: -0.36103168, y: -0.00038096428, z: -0.0000000010566146}
  m_LocalScale: {x: 1.0000001, y: 1.0000001, z: 1}
  m_Children:
  - {fileID: 1908967495}
  m_Father: {fileID: 94232613}
  m_RootOrder: 5
  m_LocalEulerAnglesHint: {x: 0, y: 0, z: 0}
--- !u!1 &919342320
GameObject:
  m_ObjectHideFlags: 0
  m_PrefabParentObject: {fileID: 100014, guid: 5888edb55eb3bba4383222f3cd5dfbb5, type: 3}
  m_PrefabInternal: {fileID: 113977001}
  serializedVersion: 5
  m_Component:
  - component: {fileID: 919342321}
  m_Layer: 0
  m_Name: Bip001 Head
  m_TagString: Untagged
  m_Icon: {fileID: 0}
  m_NavMeshLayer: 0
  m_StaticEditorFlags: 0
  m_IsActive: 1
--- !u!4 &919342321
Transform:
  m_ObjectHideFlags: 0
  m_PrefabParentObject: {fileID: 400014, guid: 5888edb55eb3bba4383222f3cd5dfbb5, type: 3}
  m_PrefabInternal: {fileID: 113977001}
  m_GameObject: {fileID: 919342320}
  m_LocalRotation: {x: 2.2294142e-13, y: 0.00000004763543, z: -0.017173894, w: 0.99985254}
  m_LocalPosition: {x: -0.041280374, y: 0, z: -2.910383e-13}
  m_LocalScale: {x: 1.0000001, y: 1.0000001, z: 1}
  m_Children:
  - {fileID: 53905716}
  - {fileID: 478877899}
  - {fileID: 852406703}
  - {fileID: 1680493558}
  - {fileID: 1846859088}
  - {fileID: 537013414}
  m_Father: {fileID: 1908967495}
  m_RootOrder: 0
  m_LocalEulerAnglesHint: {x: 0, y: 0, z: 0}
--- !u!1 &935028198
GameObject:
  m_ObjectHideFlags: 0
  m_PrefabParentObject: {fileID: 100112, guid: 5888edb55eb3bba4383222f3cd5dfbb5, type: 3}
  m_PrefabInternal: {fileID: 113977001}
  serializedVersion: 5
  m_Component:
  - component: {fileID: 935028199}
  m_Layer: 0
  m_Name: Tongue01
  m_TagString: Untagged
  m_Icon: {fileID: 0}
  m_NavMeshLayer: 0
  m_StaticEditorFlags: 0
  m_IsActive: 1
--- !u!4 &935028199
Transform:
  m_ObjectHideFlags: 0
  m_PrefabParentObject: {fileID: 400112, guid: 5888edb55eb3bba4383222f3cd5dfbb5, type: 3}
  m_PrefabInternal: {fileID: 113977001}
  m_GameObject: {fileID: 935028198}
  m_LocalRotation: {x: 0.35466346, y: 0.6117301, z: 0.35466346, w: 0.6117303}
  m_LocalPosition: {x: 0.0006539154, y: -0.012673855, z: 0.0006523895}
  m_LocalScale: {x: 0.9999999, y: 0.99999994, z: 1}
  m_Children:
  - {fileID: 2043017200}
  m_Father: {fileID: 33092872}
  m_RootOrder: 0
  m_LocalEulerAnglesHint: {x: 0, y: 0, z: 0}
--- !u!1 &1151889210
GameObject:
  m_ObjectHideFlags: 0
  m_PrefabParentObject: {fileID: 100128, guid: 5888edb55eb3bba4383222f3cd5dfbb5, type: 3}
  m_PrefabInternal: {fileID: 113977001}
  serializedVersion: 5
  m_Component:
  - component: {fileID: 1151889211}
  m_Layer: 0
  m_Name: WA R Point
  m_TagString: Untagged
  m_Icon: {fileID: 0}
  m_NavMeshLayer: 0
  m_StaticEditorFlags: 0
  m_IsActive: 1
--- !u!4 &1151889211
Transform:
  m_ObjectHideFlags: 0
  m_PrefabParentObject: {fileID: 400128, guid: 5888edb55eb3bba4383222f3cd5dfbb5, type: 3}
  m_PrefabInternal: {fileID: 113977001}
  m_GameObject: {fileID: 1151889210}
  m_LocalRotation: {x: 0.08450859, y: -0.3613852, z: -0.0013421335, w: 0.9285781}
  m_LocalPosition: {x: 0.696, y: 0.4210002, z: 0.017999973}
  m_LocalScale: {x: 0.99999994, y: 1.0000002, z: 1.0000001}
  m_Children: []
  m_Father: {fileID: 1433944584}
  m_RootOrder: 3
  m_LocalEulerAnglesHint: {x: 0, y: 0, z: 0}
--- !u!1 &1179971416
GameObject:
  m_ObjectHideFlags: 0
  m_PrefabParentObject: {fileID: 100048, guid: 5888edb55eb3bba4383222f3cd5dfbb5, type: 3}
  m_PrefabInternal: {fileID: 113977001}
  serializedVersion: 5
  m_Component:
  - component: {fileID: 1179971417}
  m_Layer: 0
  m_Name: Bip001 L UpperArm
  m_TagString: Untagged
  m_Icon: {fileID: 0}
  m_NavMeshLayer: 0
  m_StaticEditorFlags: 0
  m_IsActive: 1
--- !u!4 &1179971417
Transform:
  m_ObjectHideFlags: 0
  m_PrefabParentObject: {fileID: 400048, guid: 5888edb55eb3bba4383222f3cd5dfbb5, type: 3}
  m_PrefabInternal: {fileID: 113977001}
  m_GameObject: {fileID: 1179971416}
  m_LocalRotation: {x: 0.30411014, y: -0.43524164, z: 0.14594264, w: 0.83473504}
  m_LocalPosition: {x: -0.3584885, y: 0, z: 0}
  m_LocalScale: {x: 0.99999994, y: 0.9999999, z: 0.9999998}
  m_Children:
  - {fileID: 2025246176}
  m_Father: {fileID: 557219500}
  m_RootOrder: 0
  m_LocalEulerAnglesHint: {x: 0, y: 0, z: 0}
--- !u!1 &1237817441
GameObject:
  m_ObjectHideFlags: 0
  m_PrefabParentObject: {fileID: 100010, guid: 5888edb55eb3bba4383222f3cd5dfbb5, type: 3}
  m_PrefabInternal: {fileID: 113977001}
  serializedVersion: 5
  m_Component:
  - component: {fileID: 1237817442}
  m_Layer: 0
  m_Name: Bip001
  m_TagString: Untagged
  m_Icon: {fileID: 0}
  m_NavMeshLayer: 0
  m_StaticEditorFlags: 0
  m_IsActive: 1
--- !u!4 &1237817442
Transform:
  m_ObjectHideFlags: 0
  m_PrefabParentObject: {fileID: 400010, guid: 5888edb55eb3bba4383222f3cd5dfbb5, type: 3}
  m_PrefabInternal: {fileID: 113977001}
  m_GameObject: {fileID: 1237817441}
  m_LocalRotation: {x: -0.50000036, y: 0.49999964, z: 0.49999964, w: 0.50000036}
  m_LocalPosition: {x: -0, y: 0.4376213, z: -0.113752365}
  m_LocalScale: {x: 0.99999994, y: 0.99999994, z: 1}
  m_Children:
  - {fileID: 1779878956}
  m_Father: {fileID: 1433944584}
  m_RootOrder: 1
  m_LocalEulerAnglesHint: {x: 0, y: 0, z: 0}
--- !u!1 &1300263070
GameObject:
  m_ObjectHideFlags: 0
  m_PrefabParentObject: {fileID: 100030, guid: 5888edb55eb3bba4383222f3cd5dfbb5, type: 3}
  m_PrefabInternal: {fileID: 113977001}
  serializedVersion: 5
  m_Component:
  - component: {fileID: 1300263071}
  m_Layer: 0
  m_Name: Bip001 L Finger21
  m_TagString: Untagged
  m_Icon: {fileID: 0}
  m_NavMeshLayer: 0
  m_StaticEditorFlags: 0
  m_IsActive: 1
--- !u!4 &1300263071
Transform:
  m_ObjectHideFlags: 0
  m_PrefabParentObject: {fileID: 400030, guid: 5888edb55eb3bba4383222f3cd5dfbb5, type: 3}
  m_PrefabInternal: {fileID: 113977001}
  m_GameObject: {fileID: 1300263070}
  m_LocalRotation: {x: -0.000000013648764, y: -0.000000001672178, z: -0.363511, w: 0.93158996}
  m_LocalPosition: {x: -0.111974984, y: 0.000000038146972, z: 0}
  m_LocalScale: {x: 0.9999999, y: 0.9999999, z: 0.99999994}
  m_Children: []
  m_Father: {fileID: 714682799}
  m_RootOrder: 0
  m_LocalEulerAnglesHint: {x: 0, y: 0, z: 0}
--- !u!1 &1309412601
GameObject:
  m_ObjectHideFlags: 0
  m_PrefabParentObject: {fileID: 100098, guid: 5888edb55eb3bba4383222f3cd5dfbb5, type: 3}
  m_PrefabInternal: {fileID: 113977001}
  serializedVersion: 5
  m_Component:
  - component: {fileID: 1309412602}
  m_Layer: 0
  m_Name: Mouth down R
  m_TagString: Untagged
  m_Icon: {fileID: 0}
  m_NavMeshLayer: 0
  m_StaticEditorFlags: 0
  m_IsActive: 1
--- !u!4 &1309412602
Transform:
  m_ObjectHideFlags: 0
  m_PrefabParentObject: {fileID: 400098, guid: 5888edb55eb3bba4383222f3cd5dfbb5, type: 3}
  m_PrefabInternal: {fileID: 113977001}
  m_GameObject: {fileID: 1309412601}
  m_LocalRotation: {x: 0.43416664, y: 0.54443824, z: 0.44600928, w: 0.5622829}
  m_LocalPosition: {x: 0.20043477, y: 0.08046219, z: -0.14551114}
  m_LocalScale: {x: 0.99999994, y: 0.99999994, z: 1}
  m_Children: []
  m_Father: {fileID: 1951937264}
  m_RootOrder: 1
  m_LocalEulerAnglesHint: {x: 0, y: 0, z: 0}
--- !u!1 &1335721101
GameObject:
  m_ObjectHideFlags: 0
  m_PrefabParentObject: {fileID: 100024, guid: 5888edb55eb3bba4383222f3cd5dfbb5, type: 3}
  m_PrefabInternal: {fileID: 113977001}
  serializedVersion: 5
  m_Component:
  - component: {fileID: 1335721102}
  m_Layer: 0
  m_Name: Bip001 L Finger1
  m_TagString: Untagged
  m_Icon: {fileID: 0}
  m_NavMeshLayer: 0
  m_StaticEditorFlags: 0
  m_IsActive: 1
--- !u!4 &1335721102
Transform:
  m_ObjectHideFlags: 0
  m_PrefabParentObject: {fileID: 400024, guid: 5888edb55eb3bba4383222f3cd5dfbb5, type: 3}
  m_PrefabInternal: {fileID: 113977001}
  m_GameObject: {fileID: 1335721101}
  m_LocalRotation: {x: 0.14035083, y: -0.044369213, z: -0.23616765, w: 0.9604988}
  m_LocalPosition: {x: -0.2251776, y: -0.008789367, z: -0.08686149}
  m_LocalScale: {x: 0.9999999, y: 0.99999994, z: 0.99999994}
  m_Children:
  - {fileID: 113710669}
  m_Father: {fileID: 1550564300}
  m_RootOrder: 1
  m_LocalEulerAnglesHint: {x: 0, y: 0, z: 0}
--- !u!1 &1381019167
GameObject:
  m_ObjectHideFlags: 0
  m_PrefabParentObject: {fileID: 0}
  m_PrefabInternal: {fileID: 0}
  serializedVersion: 5
  m_Component:
  - component: {fileID: 1381019171}
  - component: {fileID: 1381019170}
  - component: {fileID: 1381019169}
  - component: {fileID: 1381019168}
  m_Layer: 0
  m_Name: Plane
  m_TagString: Untagged
  m_Icon: {fileID: 0}
  m_NavMeshLayer: 0
  m_StaticEditorFlags: 0
  m_IsActive: 1
--- !u!23 &1381019168
MeshRenderer:
  m_ObjectHideFlags: 0
  m_PrefabParentObject: {fileID: 0}
  m_PrefabInternal: {fileID: 0}
  m_GameObject: {fileID: 1381019167}
  m_Enabled: 1
  m_CastShadows: 1
  m_ReceiveShadows: 1
  m_DynamicOccludee: 1
  m_MotionVectors: 1
  m_LightProbeUsage: 1
  m_ReflectionProbeUsage: 1
  m_Materials:
  - {fileID: 10303, guid: 0000000000000000f000000000000000, type: 0}
  m_StaticBatchInfo:
    firstSubMesh: 0
    subMeshCount: 0
  m_StaticBatchRoot: {fileID: 0}
  m_ProbeAnchor: {fileID: 0}
  m_LightProbeVolumeOverride: {fileID: 0}
  m_ScaleInLightmap: 1
  m_PreserveUVs: 1
  m_IgnoreNormalsForChartDetection: 0
  m_ImportantGI: 0
  m_StitchLightmapSeams: 0
  m_SelectedEditorRenderState: 3
  m_MinimumChartSize: 4
  m_AutoUVMaxDistance: 0.5
  m_AutoUVMaxAngle: 89
  m_LightmapParameters: {fileID: 0}
  m_SortingLayerID: 0
  m_SortingLayer: 0
  m_SortingOrder: 0
--- !u!64 &1381019169
MeshCollider:
  m_ObjectHideFlags: 0
  m_PrefabParentObject: {fileID: 0}
  m_PrefabInternal: {fileID: 0}
  m_GameObject: {fileID: 1381019167}
  m_Material: {fileID: 0}
  m_IsTrigger: 0
  m_Enabled: 1
  serializedVersion: 3
  m_Convex: 0
  m_CookingOptions: 14
  m_SkinWidth: 0.01
  m_Mesh: {fileID: 10209, guid: 0000000000000000e000000000000000, type: 0}
--- !u!33 &1381019170
MeshFilter:
  m_ObjectHideFlags: 0
  m_PrefabParentObject: {fileID: 0}
  m_PrefabInternal: {fileID: 0}
  m_GameObject: {fileID: 1381019167}
  m_Mesh: {fileID: 10209, guid: 0000000000000000e000000000000000, type: 0}
--- !u!4 &1381019171
Transform:
  m_ObjectHideFlags: 0
  m_PrefabParentObject: {fileID: 0}
  m_PrefabInternal: {fileID: 0}
  m_GameObject: {fileID: 1381019167}
  m_LocalRotation: {x: 0, y: 0, z: 0, w: 1}
  m_LocalPosition: {x: 0, y: 0, z: 0}
  m_LocalScale: {x: 100, y: 100, z: 100}
  m_Children: []
  m_Father: {fileID: 0}
  m_RootOrder: 2
  m_LocalEulerAnglesHint: {x: 0, y: 0, z: 0}
--- !u!1 &1425333338
GameObject:
  m_ObjectHideFlags: 0
  m_PrefabParentObject: {fileID: 100082, guid: 5888edb55eb3bba4383222f3cd5dfbb5, type: 3}
  m_PrefabInternal: {fileID: 113977001}
  serializedVersion: 5
  m_Component:
  - component: {fileID: 1425333339}
  m_Layer: 0
  m_Name: Bip001 R Toe0
  m_TagString: Untagged
  m_Icon: {fileID: 0}
  m_NavMeshLayer: 0
  m_StaticEditorFlags: 0
  m_IsActive: 1
--- !u!4 &1425333339
Transform:
  m_ObjectHideFlags: 0
  m_PrefabParentObject: {fileID: 400082, guid: 5888edb55eb3bba4383222f3cd5dfbb5, type: 3}
  m_PrefabInternal: {fileID: 113977001}
  m_GameObject: {fileID: 1425333338}
  m_LocalRotation: {x: 0.000000015454312, y: -0.000000015454312, z: -0.7071068, w: 0.7071068}
  m_LocalPosition: {x: -0.09451542, y: 0.18284658, z: -0.000000019073486}
  m_LocalScale: {x: 1, y: 1, z: 1}
  m_Children:
  - {fileID: 34204520}
  m_Father: {fileID: 1632367675}
  m_RootOrder: 0
  m_LocalEulerAnglesHint: {x: 0, y: 0, z: 0}
--- !u!1 &1433944582
GameObject:
  m_ObjectHideFlags: 0
  m_PrefabParentObject: {fileID: 100000, guid: 5888edb55eb3bba4383222f3cd5dfbb5, type: 3}
  m_PrefabInternal: {fileID: 113977001}
  serializedVersion: 5
  m_Component:
  - component: {fileID: 1433944584}
  - component: {fileID: 1433944583}
  m_Layer: 0
  m_Name: B0201@1
  m_TagString: Untagged
  m_Icon: {fileID: 0}
  m_NavMeshLayer: 0
  m_StaticEditorFlags: 0
  m_IsActive: 1
--- !u!95 &1433944583
Animator:
  serializedVersion: 3
  m_ObjectHideFlags: 0
  m_PrefabParentObject: {fileID: 9500000, guid: 5888edb55eb3bba4383222f3cd5dfbb5,
    type: 3}
  m_PrefabInternal: {fileID: 113977001}
  m_GameObject: {fileID: 1433944582}
  m_Enabled: 1
  m_Avatar: {fileID: 9000000, guid: 5888edb55eb3bba4383222f3cd5dfbb5, type: 3}
  m_Controller: {fileID: 9100000, guid: 4e5210fba0fbc894b8a178a98d88cf9a, type: 2}
  m_CullingMode: 1
  m_UpdateMode: 0
  m_ApplyRootMotion: 0
  m_LinearVelocityBlending: 0
  m_WarningMessage: 
  m_HasTransformHierarchy: 1
  m_AllowConstantClipSamplingOptimization: 1
--- !u!4 &1433944584
Transform:
  m_ObjectHideFlags: 0
  m_PrefabParentObject: {fileID: 400000, guid: 5888edb55eb3bba4383222f3cd5dfbb5, type: 3}
  m_PrefabInternal: {fileID: 113977001}
  m_GameObject: {fileID: 1433944582}
  m_LocalRotation: {x: 0, y: 1, z: 0, w: -0.00000016292068}
  m_LocalPosition: {x: 0, y: 0, z: 0}
  m_LocalScale: {x: 1, y: 1, z: 1}
  m_Children:
  - {fileID: 1715722938}
  - {fileID: 1237817442}
  - {fileID: 1645193029}
  - {fileID: 1151889211}
  m_Father: {fileID: 0}
  m_RootOrder: 3
  m_LocalEulerAnglesHint: {x: 0, y: 0, z: 0}
--- !u!1 &1483976643
GameObject:
  m_ObjectHideFlags: 0
  m_PrefabParentObject: {fileID: 100058, guid: 5888edb55eb3bba4383222f3cd5dfbb5, type: 3}
  m_PrefabInternal: {fileID: 113977001}
  serializedVersion: 5
  m_Component:
  - component: {fileID: 1483976644}
  m_Layer: 0
  m_Name: Bip001 R Finger0
  m_TagString: Untagged
  m_Icon: {fileID: 0}
  m_NavMeshLayer: 0
  m_StaticEditorFlags: 0
  m_IsActive: 1
--- !u!4 &1483976644
Transform:
  m_ObjectHideFlags: 0
  m_PrefabParentObject: {fileID: 400058, guid: 5888edb55eb3bba4383222f3cd5dfbb5, type: 3}
  m_PrefabInternal: {fileID: 113977001}
  m_GameObject: {fileID: 1483976643}
  m_LocalRotation: {x: -0.757985, y: 0.20736672, z: -0.08037671, w: 0.61318624}
  m_LocalPosition: {x: -0.08792484, y: 0.0865184, z: 0.14712735}
  m_LocalScale: {x: 0.99999994, y: 0.99999994, z: 1}
  m_Children:
  - {fileID: 353963078}
  m_Father: {fileID: 672283317}
  m_RootOrder: 0
  m_LocalEulerAnglesHint: {x: 0, y: 0, z: 0}
--- !u!1 &1487691141
GameObject:
  m_ObjectHideFlags: 0
  m_PrefabParentObject: {fileID: 100054, guid: 5888edb55eb3bba4383222f3cd5dfbb5, type: 3}
  m_PrefabInternal: {fileID: 113977001}
  serializedVersion: 5
  m_Component:
  - component: {fileID: 1487691142}
  m_Layer: 0
  m_Name: Bip001 R Calf
  m_TagString: Untagged
  m_Icon: {fileID: 0}
  m_NavMeshLayer: 0
  m_StaticEditorFlags: 0
  m_IsActive: 1
--- !u!4 &1487691142
Transform:
  m_ObjectHideFlags: 0
  m_PrefabParentObject: {fileID: 400054, guid: 5888edb55eb3bba4383222f3cd5dfbb5, type: 3}
  m_PrefabInternal: {fileID: 113977001}
  m_GameObject: {fileID: 1487691141}
  m_LocalRotation: {x: -0.0000000021749287, y: 0.00000003940877, z: 0.38185987, w: 0.92422026}
  m_LocalPosition: {x: -0.18318386, y: 0, z: -0.000000019073486}
  m_LocalScale: {x: 1, y: 1, z: 1}
  m_Children:
  - {fileID: 1632367675}
  m_Father: {fileID: 355714853}
  m_RootOrder: 0
  m_LocalEulerAnglesHint: {x: 0, y: 0, z: 0}
--- !u!1 &1493376288
GameObject:
  m_ObjectHideFlags: 0
  m_PrefabParentObject: {fileID: 100044, guid: 5888edb55eb3bba4383222f3cd5dfbb5, type: 3}
  m_PrefabInternal: {fileID: 113977001}
  serializedVersion: 5
  m_Component:
  - component: {fileID: 1493376289}
  m_Layer: 0
  m_Name: Bip001 L Toe0
  m_TagString: Untagged
  m_Icon: {fileID: 0}
  m_NavMeshLayer: 0
  m_StaticEditorFlags: 0
  m_IsActive: 1
--- !u!4 &1493376289
Transform:
  m_ObjectHideFlags: 0
  m_PrefabParentObject: {fileID: 400044, guid: 5888edb55eb3bba4383222f3cd5dfbb5, type: 3}
  m_PrefabInternal: {fileID: 113977001}
  m_GameObject: {fileID: 1493376288}
  m_LocalRotation: {x: -0.000000015454312, y: 0.000000015454312, z: -0.7071068, w: 0.7071068}
  m_LocalPosition: {x: -0.09451542, y: 0.18284662, z: 0}
  m_LocalScale: {x: 1, y: 1, z: 1}
  m_Children:
  - {fileID: 1733812181}
  m_Father: {fileID: 1677276145}
  m_RootOrder: 0
  m_LocalEulerAnglesHint: {x: 0, y: 0, z: 0}
--- !u!1 &1525621683
GameObject:
  m_ObjectHideFlags: 0
  m_PrefabParentObject: {fileID: 100006, guid: 5888edb55eb3bba4383222f3cd5dfbb5, type: 3}
  m_PrefabInternal: {fileID: 113977001}
  serializedVersion: 5
  m_Component:
  - component: {fileID: 1525621684}
  m_Layer: 0
  m_Name: Belly L
  m_TagString: Untagged
  m_Icon: {fileID: 0}
  m_NavMeshLayer: 0
  m_StaticEditorFlags: 0
  m_IsActive: 1
--- !u!4 &1525621684
Transform:
  m_ObjectHideFlags: 0
  m_PrefabParentObject: {fileID: 400006, guid: 5888edb55eb3bba4383222f3cd5dfbb5, type: 3}
  m_PrefabInternal: {fileID: 113977001}
  m_GameObject: {fileID: 1525621683}
  m_LocalRotation: {x: -0.46915913, y: 0.52904594, z: 0.4691583, w: 0.5290469}
  m_LocalPosition: {x: -0.0809473, y: 0.12460908, z: 0.39636606}
  m_LocalScale: {x: 0.9000001, y: 0.9000001, z: 0.90000004}
  m_Children: []
  m_Father: {fileID: 94232613}
  m_RootOrder: 1
  m_LocalEulerAnglesHint: {x: 0, y: 0, z: 0}
--- !u!1 &1550564299
GameObject:
  m_ObjectHideFlags: 0
  m_PrefabParentObject: {fileID: 100040, guid: 5888edb55eb3bba4383222f3cd5dfbb5, type: 3}
  m_PrefabInternal: {fileID: 113977001}
  serializedVersion: 5
  m_Component:
  - component: {fileID: 1550564300}
  m_Layer: 0
  m_Name: Bip001 L Hand
  m_TagString: Untagged
  m_Icon: {fileID: 0}
  m_NavMeshLayer: 0
  m_StaticEditorFlags: 0
  m_IsActive: 1
--- !u!4 &1550564300
Transform:
  m_ObjectHideFlags: 0
  m_PrefabParentObject: {fileID: 400040, guid: 5888edb55eb3bba4383222f3cd5dfbb5, type: 3}
  m_PrefabInternal: {fileID: 113977001}
  m_GameObject: {fileID: 1550564299}
  m_LocalRotation: {x: -0.69988686, y: -0.09887274, z: -0.098794065, w: 0.7004444}
  m_LocalPosition: {x: -0.4343364, y: 0, z: 0}
  m_LocalScale: {x: 1.0000001, y: 1.0000002, z: 1}
  m_Children:
  - {fileID: 1654699174}
  - {fileID: 1335721102}
  - {fileID: 714682799}
  - {fileID: 719088113}
  m_Father: {fileID: 2025246176}
  m_RootOrder: 0
  m_LocalEulerAnglesHint: {x: 0, y: 0, z: 0}
--- !u!1 &1577531282
GameObject:
  m_ObjectHideFlags: 0
  m_PrefabParentObject: {fileID: 100086, guid: 5888edb55eb3bba4383222f3cd5dfbb5, type: 3}
  m_PrefabInternal: {fileID: 113977001}
  serializedVersion: 5
  m_Component:
  - component: {fileID: 1577531283}
  m_Layer: 0
  m_Name: Bip001 R UpperArm
  m_TagString: Untagged
  m_Icon: {fileID: 0}
  m_NavMeshLayer: 0
  m_StaticEditorFlags: 0
  m_IsActive: 1
--- !u!4 &1577531283
Transform:
  m_ObjectHideFlags: 0
  m_PrefabParentObject: {fileID: 400086, guid: 5888edb55eb3bba4383222f3cd5dfbb5, type: 3}
  m_PrefabInternal: {fileID: 113977001}
  m_GameObject: {fileID: 1577531282}
  m_LocalRotation: {x: -0.3041101, y: 0.43524164, z: 0.14594264, w: 0.834735}
  m_LocalPosition: {x: -0.35848847, y: -0.000000019073486, z: 0}
  m_LocalScale: {x: 0.9999998, y: 0.9999999, z: 0.99999976}
  m_Children:
  - {fileID: 60909704}
  m_Father: {fileID: 458200615}
  m_RootOrder: 0
  m_LocalEulerAnglesHint: {x: 0, y: 0, z: 0}
--- !u!1 &1632367674
GameObject:
  m_ObjectHideFlags: 0
  m_PrefabParentObject: {fileID: 100074, guid: 5888edb55eb3bba4383222f3cd5dfbb5, type: 3}
  m_PrefabInternal: {fileID: 113977001}
  serializedVersion: 5
  m_Component:
  - component: {fileID: 1632367675}
  m_Layer: 0
  m_Name: Bip001 R Foot
  m_TagString: Untagged
  m_Icon: {fileID: 0}
  m_NavMeshLayer: 0
  m_StaticEditorFlags: 0
  m_IsActive: 1
--- !u!4 &1632367675
Transform:
  m_ObjectHideFlags: 0
  m_PrefabParentObject: {fileID: 400074, guid: 5888edb55eb3bba4383222f3cd5dfbb5, type: 3}
  m_PrefabInternal: {fileID: 113977001}
  m_GameObject: {fileID: 1632367674}
  m_LocalRotation: {x: -0.05000598, y: -0.08756821, z: -0.16681841, w: 0.98081744}
  m_LocalPosition: {x: -0.18739639, y: 0.000000011920928, z: 0}
  m_LocalScale: {x: 0.99999994, y: 1, z: 0.99999994}
  m_Children:
  - {fileID: 1425333339}
  m_Father: {fileID: 1487691142}
  m_RootOrder: 0
  m_LocalEulerAnglesHint: {x: 0, y: 0, z: 0}
--- !u!1 &1645193028
GameObject:
  m_ObjectHideFlags: 0
  m_PrefabParentObject: {fileID: 100126, guid: 5888edb55eb3bba4383222f3cd5dfbb5, type: 3}
  m_PrefabInternal: {fileID: 113977001}
  serializedVersion: 5
  m_Component:
  - component: {fileID: 1645193029}
  m_Layer: 0
  m_Name: WA L Point
  m_TagString: Untagged
  m_Icon: {fileID: 0}
  m_NavMeshLayer: 0
  m_StaticEditorFlags: 0
  m_IsActive: 1
--- !u!4 &1645193029
Transform:
  m_ObjectHideFlags: 0
  m_PrefabParentObject: {fileID: 400126, guid: 5888edb55eb3bba4383222f3cd5dfbb5, type: 3}
  m_PrefabInternal: {fileID: 113977001}
  m_GameObject: {fileID: 1645193028}
  m_LocalRotation: {x: 0.6159828, y: 0.65472496, z: -0.2512252, w: -0.35886836}
  m_LocalPosition: {x: -0.696, y: 0.42099997, z: 0.018000077}
  m_LocalScale: {x: 1, y: 1.0000004, z: 0.9999998}
  m_Children: []
  m_Father: {fileID: 1433944584}
  m_RootOrder: 2
  m_LocalEulerAnglesHint: {x: 0, y: 0, z: 0}
--- !u!1 &1654699173
GameObject:
  m_ObjectHideFlags: 0
  m_PrefabParentObject: {fileID: 100020, guid: 5888edb55eb3bba4383222f3cd5dfbb5, type: 3}
  m_PrefabInternal: {fileID: 113977001}
  serializedVersion: 5
  m_Component:
  - component: {fileID: 1654699174}
  m_Layer: 0
  m_Name: Bip001 L Finger0
  m_TagString: Untagged
  m_Icon: {fileID: 0}
  m_NavMeshLayer: 0
  m_StaticEditorFlags: 0
  m_IsActive: 1
--- !u!4 &1654699174
Transform:
  m_ObjectHideFlags: 0
  m_PrefabParentObject: {fileID: 400020, guid: 5888edb55eb3bba4383222f3cd5dfbb5, type: 3}
  m_PrefabInternal: {fileID: 113977001}
  m_GameObject: {fileID: 1654699173}
  m_LocalRotation: {x: 0.757985, y: -0.20736672, z: -0.080376714, w: 0.61318624}
  m_LocalPosition: {x: -0.08792484, y: 0.08651836, z: -0.1471273}
  m_LocalScale: {x: 0.99999994, y: 0.99999994, z: 1}
  m_Children:
  - {fileID: 22540641}
  m_Father: {fileID: 1550564300}
  m_RootOrder: 0
  m_LocalEulerAnglesHint: {x: 0, y: 0, z: 0}
--- !u!1 &1660727487
GameObject:
  m_ObjectHideFlags: 0
  m_PrefabParentObject: {fileID: 100068, guid: 5888edb55eb3bba4383222f3cd5dfbb5, type: 3}
  m_PrefabInternal: {fileID: 113977001}
  serializedVersion: 5
  m_Component:
  - component: {fileID: 1660727488}
  m_Layer: 0
  m_Name: Bip001 R Finger21
  m_TagString: Untagged
  m_Icon: {fileID: 0}
  m_NavMeshLayer: 0
  m_StaticEditorFlags: 0
  m_IsActive: 1
--- !u!4 &1660727488
Transform:
  m_ObjectHideFlags: 0
  m_PrefabParentObject: {fileID: 400068, guid: 5888edb55eb3bba4383222f3cd5dfbb5, type: 3}
  m_PrefabInternal: {fileID: 113977001}
  m_GameObject: {fileID: 1660727487}
  m_LocalRotation: {x: 0.000000012092397, y: 0.000000032270876, z: -0.363511, w: 0.93158996}
  m_LocalPosition: {x: -0.111974984, y: 0.000000038146972, z: 0.000000038146972}
  m_LocalScale: {x: 0.99999994, y: 1, z: 1}
  m_Children: []
  m_Father: {fileID: 2102795812}
  m_RootOrder: 0
  m_LocalEulerAnglesHint: {x: 0, y: 0, z: 0}
--- !u!1 &1677276144
GameObject:
  m_ObjectHideFlags: 0
  m_PrefabParentObject: {fileID: 100036, guid: 5888edb55eb3bba4383222f3cd5dfbb5, type: 3}
  m_PrefabInternal: {fileID: 113977001}
  serializedVersion: 5
  m_Component:
  - component: {fileID: 1677276145}
  m_Layer: 0
  m_Name: Bip001 L Foot
  m_TagString: Untagged
  m_Icon: {fileID: 0}
  m_NavMeshLayer: 0
  m_StaticEditorFlags: 0
  m_IsActive: 1
--- !u!4 &1677276145
Transform:
  m_ObjectHideFlags: 0
  m_PrefabParentObject: {fileID: 400036, guid: 5888edb55eb3bba4383222f3cd5dfbb5, type: 3}
  m_PrefabInternal: {fileID: 113977001}
  m_GameObject: {fileID: 1677276144}
  m_LocalRotation: {x: 0.05000597, y: 0.08756812, z: -0.16681844, w: 0.98081744}
  m_LocalPosition: {x: -0.18739639, y: 0.0000000023841857, z: -0.000000019073486}
  m_LocalScale: {x: 0.99999994, y: 1, z: 0.9999999}
  m_Children:
  - {fileID: 1493376289}
  m_Father: {fileID: 1752748621}
  m_RootOrder: 0
  m_LocalEulerAnglesHint: {x: 0, y: 0, z: 0}
--- !u!1 &1680493557
GameObject:
  m_ObjectHideFlags: 0
  m_PrefabParentObject: {fileID: 100104, guid: 5888edb55eb3bba4383222f3cd5dfbb5, type: 3}
  m_PrefabInternal: {fileID: 113977001}
  serializedVersion: 5
  m_Component:
  - component: {fileID: 1680493558}
  m_Layer: 0
  m_Name: Mouth up
  m_TagString: Untagged
  m_Icon: {fileID: 0}
  m_NavMeshLayer: 0
  m_StaticEditorFlags: 0
  m_IsActive: 1
--- !u!4 &1680493558
Transform:
  m_ObjectHideFlags: 0
  m_PrefabParentObject: {fileID: 400104, guid: 5888edb55eb3bba4383222f3cd5dfbb5, type: 3}
  m_PrefabInternal: {fileID: 113977001}
  m_GameObject: {fileID: 1680493557}
  m_LocalRotation: {x: 0.9999601, y: -0.008932948, z: 0.0000007552872, w: -0.0000014675343}
  m_LocalPosition: {x: -0.13680162, y: 0.12901764, z: 0.0000001525876}
  m_LocalScale: {x: 1.0000001, y: 1, z: 1.0000001}
  m_Children:
  - {fileID: 744246685}
  m_Father: {fileID: 919342321}
  m_RootOrder: 3
  m_LocalEulerAnglesHint: {x: 0, y: 0, z: 0}
--- !u!1 &1697301151
GameObject:
  m_ObjectHideFlags: 0
  m_PrefabParentObject: {fileID: 100070, guid: 5888edb55eb3bba4383222f3cd5dfbb5, type: 3}
  m_PrefabInternal: {fileID: 113977001}
  serializedVersion: 5
  m_Component:
  - component: {fileID: 1697301152}
  m_Layer: 0
  m_Name: Bip001 R Finger3
  m_TagString: Untagged
  m_Icon: {fileID: 0}
  m_NavMeshLayer: 0
  m_StaticEditorFlags: 0
  m_IsActive: 1
--- !u!4 &1697301152
Transform:
  m_ObjectHideFlags: 0
  m_PrefabParentObject: {fileID: 400070, guid: 5888edb55eb3bba4383222f3cd5dfbb5, type: 3}
  m_PrefabInternal: {fileID: 113977001}
  m_GameObject: {fileID: 1697301151}
  m_LocalRotation: {x: 0.07204625, y: -0.074271515, z: -0.16516322, w: 0.9808232}
  m_LocalPosition: {x: -0.22378914, y: 0.010441475, z: -0.091393925}
  m_LocalScale: {x: 0.99999994, y: 1, z: 1}
  m_Children:
  - {fileID: 1926616754}
  m_Father: {fileID: 672283317}
  m_RootOrder: 3
  m_LocalEulerAnglesHint: {x: 0, y: 0, z: 0}
--- !u!1 &1715722937
GameObject:
  m_ObjectHideFlags: 0
  m_PrefabParentObject: {fileID: 100122, guid: 5888edb55eb3bba4383222f3cd5dfbb5, type: 3}
  m_PrefabInternal: {fileID: 113977001}
  serializedVersion: 5
  m_Component:
  - component: {fileID: 1715722938}
  - component: {fileID: 1715722939}
  m_Layer: 0
  m_Name: B201@1
  m_TagString: Untagged
  m_Icon: {fileID: 0}
  m_NavMeshLayer: 0
  m_StaticEditorFlags: 0
  m_IsActive: 1
--- !u!4 &1715722938
Transform:
  m_ObjectHideFlags: 0
  m_PrefabParentObject: {fileID: 400122, guid: 5888edb55eb3bba4383222f3cd5dfbb5, type: 3}
  m_PrefabInternal: {fileID: 113977001}
  m_GameObject: {fileID: 1715722937}
  m_LocalRotation: {x: -0.7071068, y: 0, z: -0, w: 0.7071068}
  m_LocalPosition: {x: -1.7795762e-10, y: 0.68279827, z: -0.06988069}
  m_LocalScale: {x: 1, y: 1, z: 1}
  m_Children: []
  m_Father: {fileID: 1433944584}
  m_RootOrder: 0
  m_LocalEulerAnglesHint: {x: 0, y: 0, z: 0}
--- !u!137 &1715722939
SkinnedMeshRenderer:
  m_ObjectHideFlags: 0
  m_PrefabParentObject: {fileID: 13700002, guid: 5888edb55eb3bba4383222f3cd5dfbb5,
    type: 3}
  m_PrefabInternal: {fileID: 113977001}
  m_GameObject: {fileID: 1715722937}
  m_Enabled: 1
  m_CastShadows: 1
  m_ReceiveShadows: 1
  m_DynamicOccludee: 1
  m_MotionVectors: 1
  m_LightProbeUsage: 1
  m_ReflectionProbeUsage: 1
  m_Materials:
  - {fileID: 2100000, guid: 21b6121aba08e404fa639ff8e5b0029c, type: 2}
  m_StaticBatchInfo:
    firstSubMesh: 0
    subMeshCount: 0
  m_StaticBatchRoot: {fileID: 0}
  m_ProbeAnchor: {fileID: 0}
  m_LightProbeVolumeOverride: {fileID: 0}
  m_ScaleInLightmap: 1
  m_PreserveUVs: 0
  m_IgnoreNormalsForChartDetection: 0
  m_ImportantGI: 0
  m_StitchLightmapSeams: 0
  m_SelectedEditorRenderState: 3
  m_MinimumChartSize: 4
  m_AutoUVMaxDistance: 0.5
  m_AutoUVMaxAngle: 89
  m_LightmapParameters: {fileID: 0}
  m_SortingLayerID: 0
  m_SortingLayer: 0
  m_SortingOrder: 0
  serializedVersion: 2
  m_Quality: 0
  m_UpdateWhenOffscreen: 0
  m_SkinnedMotionVectors: 1
  m_Mesh: {fileID: 4300002, guid: 5888edb55eb3bba4383222f3cd5dfbb5, type: 3}
  m_Bones:
  - {fileID: 1525621684}
  - {fileID: 1949003793}
  - {fileID: 1779878956}
  - {fileID: 94232613}
  - {fileID: 901874686}
  - {fileID: 822614505}
  - {fileID: 355714853}
  - {fileID: 919342321}
  - {fileID: 557219500}
  - {fileID: 1179971417}
  - {fileID: 1752748621}
  - {fileID: 1677276145}
  - {fileID: 1846859088}
  - {fileID: 852406703}
  - {fileID: 1951937264}
  - {fileID: 744246685}
  - {fileID: 495594893}
  - {fileID: 1309412602}
  - {fileID: 404811865}
  - {fileID: 2025246176}
  - {fileID: 1550564300}
  - {fileID: 1654699174}
  - {fileID: 113710669}
  - {fileID: 1300263071}
  - {fileID: 573692002}
  - {fileID: 714682799}
  - {fileID: 1335721102}
  - {fileID: 719088113}
  - {fileID: 22540641}
  - {fileID: 53905716}
  - {fileID: 935028199}
  - {fileID: 2043017200}
  - {fileID: 896490116}
  - {fileID: 1680493558}
  - {fileID: 1881401589}
  - {fileID: 458200615}
  - {fileID: 1577531283}
  - {fileID: 1632367675}
  - {fileID: 1487691142}
  - {fileID: 537013414}
  - {fileID: 266066427}
  - {fileID: 60909704}
  - {fileID: 672283317}
  - {fileID: 1483976644}
  - {fileID: 308756479}
  - {fileID: 2102795812}
  - {fileID: 1697301152}
  - {fileID: 1660727488}
  - {fileID: 1926616754}
  - {fileID: 568995687}
  - {fileID: 353963078}
  - {fileID: 478877899}
  m_BlendShapeWeights: []
  m_RootBone: {fileID: 1779878956}
  m_AABB:
    m_Center: {x: -0.4489039, y: 0.1983346, z: -0.000000029802322}
    m_Extent: {x: 0.9141911, y: 0.5692756, z: 0.95151806}
  m_DirtyAABB: 0
--- !u!1 &1733812180
GameObject:
  m_ObjectHideFlags: 0
  m_PrefabParentObject: {fileID: 100046, guid: 5888edb55eb3bba4383222f3cd5dfbb5, type: 3}
  m_PrefabInternal: {fileID: 113977001}
  serializedVersion: 5
  m_Component:
  - component: {fileID: 1733812181}
  m_Layer: 0
  m_Name: Bip001 L Toe01
  m_TagString: Untagged
  m_Icon: {fileID: 0}
  m_NavMeshLayer: 0
  m_StaticEditorFlags: 0
  m_IsActive: 1
--- !u!4 &1733812181
Transform:
  m_ObjectHideFlags: 0
  m_PrefabParentObject: {fileID: 400046, guid: 5888edb55eb3bba4383222f3cd5dfbb5, type: 3}
  m_PrefabInternal: {fileID: 113977001}
  m_GameObject: {fileID: 1733812180}
  m_LocalRotation: {x: 0, y: -7.1493774e-16, z: -0, w: 1}
  m_LocalPosition: {x: -0.005528288, y: 0, z: 0}
  m_LocalScale: {x: 1, y: 1, z: 1}
  m_Children: []
  m_Father: {fileID: 1493376289}
  m_RootOrder: 0
  m_LocalEulerAnglesHint: {x: 0, y: 0, z: 0}
--- !u!1 &1752748620
GameObject:
  m_ObjectHideFlags: 0
  m_PrefabParentObject: {fileID: 100016, guid: 5888edb55eb3bba4383222f3cd5dfbb5, type: 3}
  m_PrefabInternal: {fileID: 113977001}
  serializedVersion: 5
  m_Component:
  - component: {fileID: 1752748621}
  m_Layer: 0
  m_Name: Bip001 L Calf
  m_TagString: Untagged
  m_Icon: {fileID: 0}
  m_NavMeshLayer: 0
  m_StaticEditorFlags: 0
  m_IsActive: 1
--- !u!4 &1752748621
Transform:
  m_ObjectHideFlags: 0
  m_PrefabParentObject: {fileID: 400016, guid: 5888edb55eb3bba4383222f3cd5dfbb5, type: 3}
  m_PrefabInternal: {fileID: 113977001}
  m_GameObject: {fileID: 1752748620}
  m_LocalRotation: {x: -0.0000000064325447, y: -0.00000004296512, z: 0.38185984, w: 0.92422026}
  m_LocalPosition: {x: -0.18318382, y: -0.000000009536743, z: 0}
  m_LocalScale: {x: 0.99999994, y: 0.99999994, z: 0.99999994}
  m_Children:
  - {fileID: 1677276145}
  m_Father: {fileID: 822614505}
  m_RootOrder: 0
  m_LocalEulerAnglesHint: {x: 0, y: 0, z: 0}
--- !u!1 &1779878955
GameObject:
  m_ObjectHideFlags: 0
  m_PrefabParentObject: {fileID: 100052, guid: 5888edb55eb3bba4383222f3cd5dfbb5, type: 3}
  m_PrefabInternal: {fileID: 113977001}
  serializedVersion: 5
  m_Component:
  - component: {fileID: 1779878956}
  m_Layer: 0
  m_Name: Bip001 Pelvis
  m_TagString: Untagged
  m_Icon: {fileID: 0}
  m_NavMeshLayer: 0
  m_StaticEditorFlags: 0
  m_IsActive: 1
--- !u!4 &1779878956
Transform:
  m_ObjectHideFlags: 0
  m_PrefabParentObject: {fileID: 400052, guid: 5888edb55eb3bba4383222f3cd5dfbb5, type: 3}
  m_PrefabInternal: {fileID: 113977001}
  m_GameObject: {fileID: 1779878955}
  m_LocalRotation: {x: -0.5, y: 0.5, z: 0.4999993, w: 0.5000007}
  m_LocalPosition: {x: -0, y: 0, z: 0}
  m_LocalScale: {x: 1, y: 0.99999994, z: 0.99999994}
  m_Children:
  - {fileID: 94232613}
  m_Father: {fileID: 1237817442}
  m_RootOrder: 0
  m_LocalEulerAnglesHint: {x: 0, y: 0, z: 0}
--- !u!1 &1846859087
GameObject:
  m_ObjectHideFlags: 0
  m_PrefabParentObject: {fileID: 100118, guid: 5888edb55eb3bba4383222f3cd5dfbb5, type: 3}
  m_PrefabInternal: {fileID: 113977001}
  serializedVersion: 5
  m_Component:
  - component: {fileID: 1846859088}
  m_Layer: 0
  m_Name: Upper eyelid L
  m_TagString: Untagged
  m_Icon: {fileID: 0}
  m_NavMeshLayer: 0
  m_StaticEditorFlags: 0
  m_IsActive: 1
--- !u!4 &1846859088
Transform:
  m_ObjectHideFlags: 0
  m_PrefabParentObject: {fileID: 400118, guid: 5888edb55eb3bba4383222f3cd5dfbb5, type: 3}
  m_PrefabInternal: {fileID: 113977001}
  m_GameObject: {fileID: 1846859087}
  m_LocalRotation: {x: 0.9999996, y: 0.00094604515, z: 0.00000071386074, w: -0.0000014748989}
  m_LocalPosition: {x: -0.12714182, y: -0.032258604, z: 0.10999986}
  m_LocalScale: {x: 1.0000001, y: 1.0000001, z: 1.0000001}
  m_Children: []
  m_Father: {fileID: 919342321}
  m_RootOrder: 4
  m_LocalEulerAnglesHint: {x: 0, y: 0, z: 0}
--- !u!1 &1881401588
GameObject:
  m_ObjectHideFlags: 0
  m_PrefabParentObject: {fileID: 100008, guid: 5888edb55eb3bba4383222f3cd5dfbb5, type: 3}
  m_PrefabInternal: {fileID: 113977001}
  serializedVersion: 5
  m_Component:
  - component: {fileID: 1881401589}
  m_Layer: 0
  m_Name: Belly R
  m_TagString: Untagged
  m_Icon: {fileID: 0}
  m_NavMeshLayer: 0
  m_StaticEditorFlags: 0
  m_IsActive: 1
--- !u!4 &1881401589
Transform:
  m_ObjectHideFlags: 0
  m_PrefabParentObject: {fileID: 400008, guid: 5888edb55eb3bba4383222f3cd5dfbb5, type: 3}
  m_PrefabInternal: {fileID: 113977001}
  m_GameObject: {fileID: 1881401588}
  m_LocalRotation: {x: -0.46915913, y: 0.52904594, z: 0.4691583, w: 0.5290469}
  m_LocalPosition: {x: -0.08094753, y: 0.12461021, z: -0.38789722}
  m_LocalScale: {x: 0.9000001, y: 0.9000001, z: 0.90000004}
  m_Children: []
  m_Father: {fileID: 94232613}
  m_RootOrder: 2
  m_LocalEulerAnglesHint: {x: 0, y: 0, z: 0}
--- !u!1 &1908967494
GameObject:
  m_ObjectHideFlags: 0
  m_PrefabParentObject: {fileID: 100050, guid: 5888edb55eb3bba4383222f3cd5dfbb5, type: 3}
  m_PrefabInternal: {fileID: 113977001}
  serializedVersion: 5
  m_Component:
  - component: {fileID: 1908967495}
  m_Layer: 0
  m_Name: Bip001 Neck
  m_TagString: Untagged
  m_Icon: {fileID: 0}
  m_NavMeshLayer: 0
  m_StaticEditorFlags: 0
  m_IsActive: 1
--- !u!4 &1908967495
Transform:
  m_ObjectHideFlags: 0
  m_PrefabParentObject: {fileID: 400050, guid: 5888edb55eb3bba4383222f3cd5dfbb5, type: 3}
  m_PrefabInternal: {fileID: 113977001}
  m_GameObject: {fileID: 1908967494}
  m_LocalRotation: {x: -3.3663288e-14, y: 0.00000187639, z: -0.6765179, w: 0.7364262}
  m_LocalPosition: {x: -0.51949346, y: 0.22200553, z: 0.00000031937816}
  m_LocalScale: {x: 1.0000001, y: 1.0000001, z: 1}
  m_Children:
  - {fileID: 919342321}
  - {fileID: 557219500}
  - {fileID: 458200615}
  m_Father: {fileID: 901874686}
  m_RootOrder: 0
  m_LocalEulerAnglesHint: {x: 0, y: 0, z: 0}
--- !u!1 &1926616753
GameObject:
  m_ObjectHideFlags: 0
  m_PrefabParentObject: {fileID: 100072, guid: 5888edb55eb3bba4383222f3cd5dfbb5, type: 3}
  m_PrefabInternal: {fileID: 113977001}
  serializedVersion: 5
  m_Component:
  - component: {fileID: 1926616754}
  m_Layer: 0
  m_Name: Bip001 R Finger31
  m_TagString: Untagged
  m_Icon: {fileID: 0}
  m_NavMeshLayer: 0
  m_StaticEditorFlags: 0
  m_IsActive: 1
--- !u!4 &1926616754
Transform:
  m_ObjectHideFlags: 0
  m_PrefabParentObject: {fileID: 400072, guid: 5888edb55eb3bba4383222f3cd5dfbb5, type: 3}
  m_PrefabInternal: {fileID: 113977001}
  m_GameObject: {fileID: 1926616753}
  m_LocalRotation: {x: -0.000000030642365, y: -0.000000026167664, z: -0.2725086, w: 0.9621534}
  m_LocalPosition: {x: -0.08188694, y: 0.000000076293944, z: 0}
  m_LocalScale: {x: 1, y: 1.0000001, z: 1}
  m_Children: []
  m_Father: {fileID: 1697301152}
  m_RootOrder: 0
  m_LocalEulerAnglesHint: {x: 0, y: 0, z: 0}
--- !u!1 &1949003792
GameObject:
  m_ObjectHideFlags: 0
  m_PrefabParentObject: {fileID: 100004, guid: 5888edb55eb3bba4383222f3cd5dfbb5, type: 3}
  m_PrefabInternal: {fileID: 113977001}
  serializedVersion: 5
  m_Component:
  - component: {fileID: 1949003793}
  m_Layer: 0
  m_Name: Belly
  m_TagString: Untagged
  m_Icon: {fileID: 0}
  m_NavMeshLayer: 0
  m_StaticEditorFlags: 0
  m_IsActive: 1
--- !u!4 &1949003793
Transform:
  m_ObjectHideFlags: 0
  m_PrefabParentObject: {fileID: 400004, guid: 5888edb55eb3bba4383222f3cd5dfbb5, type: 3}
  m_PrefabInternal: {fileID: 113977001}
  m_GameObject: {fileID: 1949003792}
  m_LocalRotation: {x: -0.46915913, y: 0.52904594, z: 0.4691583, w: 0.5290469}
  m_LocalPosition: {x: -0.036332205, y: 0.41397178, z: 0.0004354376}
  m_LocalScale: {x: 0.9000001, y: 0.9000001, z: 0.90000004}
  m_Children: []
  m_Father: {fileID: 94232613}
  m_RootOrder: 0
  m_LocalEulerAnglesHint: {x: 0, y: 0, z: 0}
--- !u!1 &1951937263
GameObject:
  m_ObjectHideFlags: 0
  m_PrefabParentObject: {fileID: 100102, guid: 5888edb55eb3bba4383222f3cd5dfbb5, type: 3}
  m_PrefabInternal: {fileID: 113977001}
  serializedVersion: 5
  m_Component:
  - component: {fileID: 1951937264}
  m_Layer: 0
  m_Name: Mouth down02
  m_TagString: Untagged
  m_Icon: {fileID: 0}
  m_NavMeshLayer: 0
  m_StaticEditorFlags: 0
  m_IsActive: 1
--- !u!4 &1951937264
Transform:
  m_ObjectHideFlags: 0
  m_PrefabParentObject: {fileID: 400102, guid: 5888edb55eb3bba4383222f3cd5dfbb5, type: 3}
  m_PrefabInternal: {fileID: 113977001}
  m_GameObject: {fileID: 1951937263}
  m_LocalRotation: {x: -0.035481658, y: -0.7062159, z: -0.03548165, w: 0.7062161}
  m_LocalPosition: {x: -0.412316, y: -0.066348955, z: -0.000000102833575}
  m_LocalScale: {x: 1, y: 0.9999999, z: 0.99999994}
  m_Children:
  - {fileID: 404811865}
  - {fileID: 1309412602}
  m_Father: {fileID: 852406703}
  m_RootOrder: 0
  m_LocalEulerAnglesHint: {x: 0, y: 0, z: 0}
--- !u!1 &1985868404
GameObject:
  m_ObjectHideFlags: 0
  m_PrefabParentObject: {fileID: 0}
  m_PrefabInternal: {fileID: 0}
  serializedVersion: 5
  m_Component:
  - component: {fileID: 1985868409}
  - component: {fileID: 1985868408}
  - component: {fileID: 1985868407}
  - component: {fileID: 1985868406}
  - component: {fileID: 1985868405}
  m_Layer: 0
  m_Name: Main Camera
  m_TagString: MainCamera
  m_Icon: {fileID: 0}
  m_NavMeshLayer: 0
  m_StaticEditorFlags: 0
  m_IsActive: 1
--- !u!81 &1985868405
AudioListener:
  m_ObjectHideFlags: 0
  m_PrefabParentObject: {fileID: 0}
  m_PrefabInternal: {fileID: 0}
  m_GameObject: {fileID: 1985868404}
  m_Enabled: 1
--- !u!124 &1985868406
Behaviour:
  m_ObjectHideFlags: 0
  m_PrefabParentObject: {fileID: 0}
  m_PrefabInternal: {fileID: 0}
  m_GameObject: {fileID: 1985868404}
  m_Enabled: 1
--- !u!92 &1985868407
Behaviour:
  m_ObjectHideFlags: 0
  m_PrefabParentObject: {fileID: 0}
  m_PrefabInternal: {fileID: 0}
  m_GameObject: {fileID: 1985868404}
  m_Enabled: 1
--- !u!20 &1985868408
Camera:
  m_ObjectHideFlags: 0
  m_PrefabParentObject: {fileID: 0}
  m_PrefabInternal: {fileID: 0}
  m_GameObject: {fileID: 1985868404}
  m_Enabled: 1
  serializedVersion: 2
  m_ClearFlags: 1
  m_BackGroundColor: {r: 0.8470589, g: 0.9490197, b: 1, a: 0.019607844}
  m_NormalizedViewPortRect:
    serializedVersion: 2
    x: 0
    y: 0
    width: 1
    height: 1
  near clip plane: 0.3
  far clip plane: 1000
  field of view: 42
  orthographic: 0
  orthographic size: 5
  m_Depth: -1
  m_CullingMask:
    serializedVersion: 2
    m_Bits: 4294967295
  m_RenderingPath: -1
  m_TargetTexture: {fileID: 0}
  m_TargetDisplay: 0
  m_TargetEye: 3
  m_HDR: 0
  m_AllowMSAA: 1
  m_AllowDynamicResolution: 0
  m_ForceIntoRT: 0
  m_OcclusionCulling: 1
  m_StereoConvergence: 10
  m_StereoSeparation: 0.022
--- !u!4 &1985868409
Transform:
  m_ObjectHideFlags: 0
  m_PrefabParentObject: {fileID: 0}
  m_PrefabInternal: {fileID: 0}
  m_GameObject: {fileID: 1985868404}
  m_LocalRotation: {x: 0.03413145, y: -0.25865707, z: 0.009145818, w: 0.96532273}
  m_LocalPosition: {x: 1.71, y: 1.14, z: -3.14}
  m_LocalScale: {x: 1, y: 1, z: 1}
  m_Children: []
  m_Father: {fileID: 0}
  m_RootOrder: 0
  m_LocalEulerAnglesHint: {x: 0, y: 0, z: 0}
--- !u!1 &2025246175
GameObject:
  m_ObjectHideFlags: 0
  m_PrefabParentObject: {fileID: 100038, guid: 5888edb55eb3bba4383222f3cd5dfbb5, type: 3}
  m_PrefabInternal: {fileID: 113977001}
  serializedVersion: 5
  m_Component:
  - component: {fileID: 2025246176}
  m_Layer: 0
  m_Name: Bip001 L Forearm
  m_TagString: Untagged
  m_Icon: {fileID: 0}
  m_NavMeshLayer: 0
  m_StaticEditorFlags: 0
  m_IsActive: 1
--- !u!4 &2025246176
Transform:
  m_ObjectHideFlags: 0
  m_PrefabParentObject: {fileID: 400038, guid: 5888edb55eb3bba4383222f3cd5dfbb5, type: 3}
  m_PrefabInternal: {fileID: 113977001}
  m_GameObject: {fileID: 2025246175}
  m_LocalRotation: {x: 0.000000027559329, y: -0.000000023419329, z: 0.2610826, w: 0.9653165}
  m_LocalPosition: {x: -0.43027827, y: -0.000000076293944, z: -0.000000076293944}
  m_LocalScale: {x: 0.99999994, y: 1.0000001, z: 0.9999999}
  m_Children:
  - {fileID: 1550564300}
  m_Father: {fileID: 1179971417}
  m_RootOrder: 0
  m_LocalEulerAnglesHint: {x: 0, y: 0, z: 0}
--- !u!1 &2043017199
GameObject:
  m_ObjectHideFlags: 0
  m_PrefabParentObject: {fileID: 100114, guid: 5888edb55eb3bba4383222f3cd5dfbb5, type: 3}
  m_PrefabInternal: {fileID: 113977001}
  serializedVersion: 5
  m_Component:
  - component: {fileID: 2043017200}
  m_Layer: 0
  m_Name: Tongue02
  m_TagString: Untagged
  m_Icon: {fileID: 0}
  m_NavMeshLayer: 0
  m_StaticEditorFlags: 0
  m_IsActive: 1
--- !u!4 &2043017200
Transform:
  m_ObjectHideFlags: 0
  m_PrefabParentObject: {fileID: 400114, guid: 5888edb55eb3bba4383222f3cd5dfbb5, type: 3}
  m_PrefabInternal: {fileID: 113977001}
  m_GameObject: {fileID: 2043017199}
  m_LocalRotation: {x: -6.199307e-15, y: -2.1887469e-14, z: 0.38825244, w: 0.9215531}
  m_LocalPosition: {x: -0.11879112, y: -0.000000076293944, z: -0.000000013148164}
  m_LocalScale: {x: 1, y: 1, z: 1}
  m_Children:
  - {fileID: 896490116}
  m_Father: {fileID: 935028199}
  m_RootOrder: 0
  m_LocalEulerAnglesHint: {x: 0, y: 0, z: 0}
--- !u!1 &2102795811
GameObject:
  m_ObjectHideFlags: 0
  m_PrefabParentObject: {fileID: 100066, guid: 5888edb55eb3bba4383222f3cd5dfbb5, type: 3}
  m_PrefabInternal: {fileID: 113977001}
  serializedVersion: 5
  m_Component:
  - component: {fileID: 2102795812}
  m_Layer: 0
  m_Name: Bip001 R Finger2
  m_TagString: Untagged
  m_Icon: {fileID: 0}
  m_NavMeshLayer: 0
  m_StaticEditorFlags: 0
  m_IsActive: 1
--- !u!4 &2102795812
Transform:
  m_ObjectHideFlags: 0
  m_PrefabParentObject: {fileID: 400066, guid: 5888edb55eb3bba4383222f3cd5dfbb5, type: 3}
  m_PrefabInternal: {fileID: 113977001}
  m_GameObject: {fileID: 2102795811}
  m_LocalRotation: {x: -0.01848895, y: -0.03758048, z: -0.14340368, w: 0.9887777}
  m_LocalPosition: {x: -0.23138389, y: -0.015114974, z: 0.0029059218}
  m_LocalScale: {x: 0.99999994, y: 1, z: 1}
  m_Children:
  - {fileID: 1660727488}
  m_Father: {fileID: 672283317}
  m_RootOrder: 2
  m_LocalEulerAnglesHint: {x: 0, y: 0, z: 0}
